3078 5382
871 527 907 586 12

391 737 509 812 omisit,
524 735 597 814 quia
613 732 671 793 hoc
687 733 716 792 ei
729 731 826 792 maius
843 729 1049 792 ohseivsntioe
1065 727 1281 790 documentum
1300 749 1376 791 cen-

389 847 514 906 tinuisse
543 843 719 919 videbatur,
747 861 839 921 quum
864 859 882 900 a
918 859 988 919 nege
1017 839 1139 900 subdito
1171 839 1238 900 dori
1263 849 1372 920 posset.

390 959 489 1017 llnum
514 964 615 1016 tomen
640 953 778 1014 omnium
803 951 973 1031 excipiebat
989 969 1058 1027 rex,
1072 951 1226 1016 ,nimirum
1242 951 1373 1013 Phocio-

389 1085 460 1126 nem
470 1065 584 1125 conius
600 1037 702 1124 enimi
713 1062 886 1140 integritate
903 1068 934 1120 et
951 1061 1064 1121 virtute
1080 1059 1157 1121 adeo
1173 1069 1238 1120 erut
1252 1070 1372 1139 coptus,

387 1183 441 1253 ut,
467 1175 523 1255 qui
557 1174 705 1235 omnibus·
730 1193 793 1233 sese
824 1171 971 1232 maiorem
1005 1170 1160 1248 crederet,
1189 1153 1373 1232 Phocionem

387 1286 519 1345 maxims
551 1284 722 1344 reverentie
748 1290 998 1362 prosequeretur,
1028 1282 1071 1341 ito
1100 1279 1244 1361 quidem,
1275 1289 1309 1341 ut
1335 1280 1375 1340 ed

388 1396 487 1472 hunc,
505 1403 660 1474 tamquam
674 1393 713 1453 cd
728 1401 863 1472 petrem,
878 1391 1024 1466 scribens,
1042 1392 1076 1451 τό
1097 1399 1216 1480 palpem
1235 1391 1375 1452 omittere

386 1497 472 1584 quusi
488 1523 550 1564 non
565 1503 657 1587 suerit
675 1521 772 1564 susus.
802 1502 866 1561 lom
884 1519 957 1562 vero
975 1501 1060 1560 eliud
1077 1501 1194 1562 accedit
1210 1519 1373 1580 argumen-

386 1623 463 1674 tum.
503 1613 648 1673 helianus
665 1612 688 1674 l.
704 1614 746 1690 l.‚
766 1613 821 1691 qui
838 1609 971 1673 eundem
995 1610 1117 1672 lluridis
1141 1599 1244 1673 Iocum
1269 1631 1371 1674 excer-

387 1724 445 1802 psit
451 1723 521 1799 ,sio
539 1721 595 1782 nil:
605 1724 826 1800 Ἀλέξανδρος..
842 1767 847 1780 .
869 1729 1053 1783 Φωκίωνα...
1073 1725 1183 1803 μόνῳ..
1197 1767 1217 1782 ..
1242 1726 1371 1802 γράφων,

387 1838 560 1912 πραςατίθει
582 1836 615 1891 τὸ
636 1839 773 1910 palpem
795 1830 907 1910 quibus
926 1831 1094 1909 subiungit:
1114 1833 1206 1896 οὕτως
1224 1831 1280 1910 ἄρα
1304 1833 1369 1911 ᾑρή-

386 1945 497 2002 κει-τὸν
510 1943 669 2003 Μακεδόνα
690 1945 709 2001 o‘
727 1947 858 1999 Φωκίων.
889 1940 915 2000 Ν
917 1960 968 2000 um
983 1939 1117 2001 dubitari
1131 1949 1230 2020 potest
1242 1941 1291 2002 his
1305 1961 1372 2002 ver·

384 2052 432 2112 bis
447 2050 609 2111 Aelianum
628 2051 803 2130 expressisse
815 2069 887 2111 reru
904 2050 1059 2111 Plutarchi
1077 2049 1186 2114 verbo:
1209 2056 1371 2133 ὠςπιρανεα

385 2161 516 2240 scripu?
556 2161 639 2235 Quae
654 2163 826 2239 sequuntur
838 2159 1090 2240 epudheliunum
1105 2181 1202 2241 usque
1216 2163 1254 2222 ed
1265 2164 1373 2243 cepitis

385 2271 476 2333 finem
492 2271 592 2333 eidem
609 2269 718 2332 Doridi
729 2271 842 2332 deberi
860 2291 921 2332 non
939 2269 1085 2332 dissimile
1102 2272 1167 2333 veri
1185 2281 1238 2342 est.

427 2491 459 2554 Ρ.
477 2490 527 2552 98.
544 2491 591 2551 ir,
609 2489 710 2554 XXIV.
731 2495 782 2566 τήν
801 2489 854 2567 μὲν
874 2493 1091 2570 βακχικώτερον
1110 2493 1229 2574 net]
1262 2493 1372 2554 Bacchi
1483 2477 1484 2506 ἢ

387 2603 485 2662 cultui
502 2601 636 2662 deditam
654 2621 685 2662 se
702 2603 765 2681 lpse
787 2601 946 2682 profitetur
964 2599 1104 2682 Olympio
1128 2604 1161 2663 in
1178 2603 1308 2684 Epistola
1334 2605 1373 2664 ed
1483 2655 1484 2681 ,

385 2711 484 2771 fllium
509 2710 718 2772 Alexandrum
740 2709 822 2791 opud
848 2710 959 2772 Athen.
985 2711 1061 2788 xlv,
1085 2712 1155 2774 659.
1179 2712 1202 2776 I.
1242 2713 1373 2774 Omnino
1482 2759 1483 2786 ,

385 2839 509 2900 quoque
526 2819 710 2880 conferenda
729 2829 800 2880 suut
817 2821 909 2880 verbu
927 2820 1007 2882 Plut.
1025 2821 1111 2884 Alex.
1129 2823 1159 2884 2.
1194 2823 1231 2883 ln
1247 2843 1373 2903 sequen.
1482 2797 1483 2838 ³

386 2931 468 2991 tillus
486 2938 536 2990 not
555 2934 632 3008 παρὰ
651 2933 788 3010 Κυννάνῃ
804 2928 970 2990 delendum
987 2939 1031 2992 est
1049 2940 1110 2992 και,
1136 2979 1140 2986 ,

427 3149 459 3210 Ρ.
481 3148 548 3210 102.
566 3148 613 3210 Fr.
631 3147 764 3210 XXVIII.
806 3155 855 3210 καὶ
883 3163 948 3216 ταῖς
973 3150 1027 3227 μὲν
1052 3155 1253 3219 δαπάναις-
1268 3159 1371 3216 Φαινί-

388 3261 467 3342 ιιας.]
508 3259 588 3335 Quid
612 3260 674 3320 illis
701 3259 886 3340 temporibus
914 3261 1009 3322 fuerit
1032 3261 1207 3323 Macedones
1232 3283 1375 3343 superare

387 3361 596 3432 conviviorum
619 3371 795 3450 splendore,
822 3372 936 3450 optime
964 3371 1146 3452 intelligitur
1170 3374 1305 3452 perlecto
1329 3375 1374 3434 in·
1481 3417 1482 3453 ,

388 3481 468 3559 signi
487 3480 656 3558 fragmento
672 3481 830 3555 ἐπιστολῆς
852 3484 1041 3556 decerpentis
1059 3481 1254 3563 llippoloohi,
1271 3486 1377 3545 missae

389 3589 429 3652 ad
446 3591 617 3670 Lynceum,
635 3590 757 3650 Doridis
772 3591 915 3667 fratrem,
936 3590 1057 3672 (Athen.
1079 3593 1129 3669 lv,
1147 3593 1214 3654 128.
1232 3614 1260 3654 a.
1278 3593 1373 3674 sqq.),

388 3703 444 3764 uhi
469 3701 594 3778 Caroni,
623 3701 791 3762 llocedonis
813 3702 990 3778 cuiusdam,
1009 3703 1134 3782 nuptiae
1149 3701 1375 3764 describuntur.

389 3805 524 3874 Illuslria
539 3829 667 3892 'quoque
688 3811 814 3872 fuerunt
836 3811 1136 3892 conviviohnligoni
1153 3821 1185 3873 et
1200 3813 1374 3875 Ptolemaei:

390 3935 447 3983 neo
473 3924 576 3982 minue
601 3923 773 3984 oelebmtur
798 3921 896 3998 illud,
912 3941 974 4002 quo
992 3923 1125 3982 Lamiam
1141 3924 1259 4003 excepit
1275 3923 1377 3984 Ileme·

393 4033 469 4092 trius
491 4031 683 4110 Poliorcetes,
709 4031 749 4092 de
773 4031 885 4112 quibus
910 4033 1051 4093 omnibus
1072 4041 1175 4111 egerin
1192 4035 1327 4114 Lynceus
1343 4034 1377 4092 in

393 4141 529 4222 Epistolis
545 4142 582 4202 od
599 4141 830 4223 Hippolochum.
858 4141 940 4206 Gonl.
959 4141 1068 4202 Athen.
1086 4141 1107 4202 l.
1118 4143 1138 4202 l.
1149 4142 1375 4216 -Phoenices,
