3078 5382
883 487 923 546 20
1000 561 1009 576 ι

418 717 449 754 σι
468 694 574 770 pilai?
595 692 649 751 Od.
669 691 720 766 lll,
735 679 789 750 ⁰19.
831 689 887 750 Par
904 691 1001 766 enim,
1024 699 1056 749 ut
1076 691 1175 767 aiunt,
1193 693 1259 769 pari
1277 693 1400 770 gaudet.

419 811 541 883 ”Aptior
568 799 743 884 (dpoplouo)
770 800 917 879 significat
943 813 1046 880 aptata,
1072 801 1401 882 consecraveruntque

418 917 529 974 εἰδέναι
547 913 692 994 prudens,
710 913 810 972 sollers
828 911 1001 993 (doctoque)
1018 934 1091 972 eoae:
1110 913 1197 991 ἄρτια
1214 915 1316 990 βάζειν
1332 914 1400 998 (οἀ.

419 1021 700 1102 v111‚240.)idem
719 1021 801 1101 quod
820 1025 986 1098 πεπνυμὲνᾳ
1009 1025 1073 1098 piet.
1097 1035 1292 1085 consentaneo
1308 1027 1400 1106 loqui.

460 1245 492 1306 P.
512 1245 580 1305 126.
598 1243 645 1304 Fr.
662 1243 735 1303 XLI.
758 1247 796 1308 ὥς
818 1265 892 1316 φησι
912 1245 1051 1324 Aeone]
1091 1243 1200 1304 Mirum
1222 1265 1295 1306 saue
1319 1246 1402 1306 aoci-

421 1355 494 1414 dere
511 1355 603 1414 dehet
620 1353 765 1412 Iluridem
781 1354 832 1413 hio
848 1362 953 1414 testem
969 1353 1123 1446 adhiberi,
1137 1357 1192 1434 qui
1206 1355 1308 1416 floruit
1320 1376 1400 1418 auno

421 1487 448 1524 a.
475 1466 506 1525 G.
530 1463 744 1554 circiter27t1
792 1465 980 1543 Quapropter
1005 1466 1252 1544 pretiosissimum
1272 1467 1330 1528 hoo
1353 1468 1401 1528 llr.

286 1623 291 1632 .
420 1595 529 1636 vocare
545 1595 607 1635 nou
624 1575 748 1634 dubito:
768 1577 882 1654 quippe
899 1595 961 1655 quo
979 1575 1143 1637 edocemur
1160 1577 1305 1638 Iluridem
1322 1577 1402 1638 iuter

420 1687 642 1768 antiquissimos
666 1685 758 1746 fuisse
786 1687 987 1764 Graecorum,
1013 1689 1068 1768 qui
1094 1689 1244 1768 quaedam
1268 1689 1403 1750 tradide-

422 1807 496 1860 runt
512 1797 552 1858 de
565 1797 722 1876 Romania,
740 1817 870 1876 quorum
888 1806 958 1858 aute
974 1799 1199 1878 Theopompum
1217 1820 1307 1861 nemo
1321 1799 1403 1862 leoe-

422 1918 470 1970 rat
492 1909 687 1969 mentionem.
728 1907 806 1967 Plin.
831 1908 865 1968 H.
890 1909 925 1970 N.
947 1909 1010 1985 ΙΙΙ,
1034 1909 1063 1970 9.
1084 1909 1259 1971 Aristoteles
1279 1910 1404 1972 Romam

424 2041 442 2080 a
460 2019 553 2080 Gallis
569 2027 687 2097 captam
705 2019 839 2078 narravit
848 2065 857 2095 ‚
876 2017 928 2078 sed
946 2027 1094 2080 servatam
1106 2029 1128 2100 a
1145 2021 1241 2082 Lucio
1258 2020 1405 2101 quodam,

422 2132 478 2210 qui
503 2139 606 2190 tamen
630 2137 674 2190 est
696 2131 816 2191 Meroua
838 2129 998 2192 Camillus:
1029 2129 1108 2192 Plut.
1122 2129 1210 2190 ¹(lam.
1230 2130 1286 2210 223
1308 2151 1405 2211 equo

289 2273 291 2282 .
351 2239 371 2328 χ’
423 2241 579 2302 Plutarchi
611 2241 679 2301 loeo
709 2240 852 2300 discimus
878 2240 1005 2302 candem
1032 2261 1155 2320 quoque
1183 2259 1249 2300 rem
1274 2241 1404 2320 tetigisse

422 2351 613 2414 Heraclidem
629 2349 796 2412 Ponticum.
824 2351 882 2425 Qui
899 2352 1015 2430 primus
1031 2353 1214 2412 Graecorum
1230 2350 1404 2430 diligentius

424 2463 574 2544 quaedam
601 2463 640 2523 de
666 2463 807 2524 Romanis
835 2463 977 2538 tradidit,
1004 2461 1063 2521 luit
1087 2461 1209 2522 Doridis
1229 2471 1405 2543 praeceptor

425 2577 653 2656 Theophrastus.
695 2573 772 2636 Pliu.
798 2575 819 2636 l.
840 2575 861 2634 l.
886 2574 971 2636 Gonl.
997 2574 1111 2635 Krause
1131 2573 1191 2636 Pit.
1215 2583 1246 2636 et
1262 2575 1309 2636 Fr.
1334 2575 1405 2636 lliet.

427 2689 512 2749 Rom.
529 2708 559 2766 p.
578 2686 628 2748 30.
646 2705 710 2764 sqq.

471 2908 503 2970 P.
531 2907 599 2970 127.
628 2909 824 2985 ovorpurpyo't
853 2905 892 2964 ὢν
924 2907 1133 2988 Τορκουάτου]
1182 2905 1240 2966 Res
1264 2914 1327 2967 toto
1350 2907 1409 2968 hoc

429 3020 600 3099 fragmento
625 3026 780 3078 enarratae
806 3037 824 3078 a
849 3016 989 3078 Glintono
1004 3016 1180 3078 reseruntur
1195 3016 1235 3078 ad
1250 3036 1362 3078 aunum
1380 3036 1408 3078 a.

432 3130 464 3192 G.
481 3130 551 3192 337.
573 3129 615 3211 (F.
636 3129 669 3188 ll.
686 3129 717 3188 T.
734 3127 791 3188 ΙΙΙ.
811 3147 842 3208 p.
860 3125 929 3188 498.
944 3135 1006 3188 not.
1024 3125 1078 3206 a.);
1100 3147 1162 3206 quo
1179 3147 1259 3188 anno
1274 3127 1411 3188 eonsules
1501 3177 1508 3186 .

430 3240 483 3301 hic
499 3240 590 3302 luisse
605 3247 692 3320 putat
711 3239 741 3300 T.
764 3239 907 3298 Manlium
924 3239 1109 3318 Torquatum
1123 3234 1171 3297 lll
1189 3246 1221 3298 et
1236 3236 1268 3298 P.
1286 3237 1411 3298 Decium

432 3352 560 3428 liuram,
570 3371 702 3430 quorum
710 3349 762 3410 hic
772 3369 802 3408 se
811 3368 867 3428 pro
876 3349 972 3427 patria
981 3348 1112 3410 devovit.
1137 3346 1288 3424 Liv.vl11‚
1301 3347 1332 3408 3.
1347 3367 1411 3430 eqq.

434 3461 521 3536 Quod
547 3469 649 3519 tamen
674 3459 789 3519 factum
815 3477 876 3519 esse
899 3458 932 3518 in
955 3459 1037 3519 hello
1055 3467 1160 3520 contra
1178 3459 1312 3536 Latinos,
1330 3459 1410 3520 Cam·

433 3591 543 3652 panos,
564 3569 722 3629 Siduoinoo
743 3576 774 3627 et
791 3567 950 3630 Auruncos
971 3589 1009 3629 cx
1031 3570 1137 3632 eodem
1155 3571 1232 3630 Livii
1253 3570 1322 3631 loco
1346 3579 1412 3630 ete

433 3682 524 3742 Fastis
548 3679 703 3758 Triumph.
730 3678 769 3738 ad
795 3679 827 3738 h.
849 3699 876 3739 a.
902 3679 1094 3758 intelligitur.
1134 3679 1193 3740 Sed
1211 3680 1264 3740 hic
1283 3681 1317 3740 iu
1334 3699 1412 3740 auno

434 3799 514 3854 errat
540 3791 710 3866 Glintonur,
736 3789 791 3869 qui
817 3789 891 3850 falso
917 3789 1038 3851 Diodori
1062 3791 1233 3852 testimonio
1256 3811 1288 3850 se
1314 3790 1414 3869 decipi

436 3923 536 3982 passus
552 3909 604 3963 est.
630 3901 684 3962 llic
702 3901 785 3960 onim
799 3900 864 3960 Lib.
882 3899 961 3977 XVI,
983 3901 1032 3962 89.
1051 3921 1095 3981 sq.
1113 3901 1204 3962 tradit
1222 3901 1253 3961 T.
1271 3901 1414 3962 llanlium

435 4012 617 4091 Torquatum
635 4019 666 4070 et
684 4009 851 4072 Phacium
864 4011 1054 4084 consulatum
1066 4011 1186 4090 gessisse
1200 4009 1308 4072 eodem
1320 4029 1411 4084 anuo,

436 4142 497 4202 quo
514 4122 640 4182 Athenis
658 4123 772 4182 archon
793 4121 886 4183 luerit
909 4120 1097 4201 Phrynichus
1114 4121 1172 4204 (Ol.
1195 4123 1252 4183 110
1258 4169 1268 4198 ,
1286 4122 1315 4184 4.
1334 4141 1360 4182 a.
1380 4121 1410 4184 C.
