<?xml version="1.0" encoding="UTF-8"?>
<!DOCTYPE html PUBLIC "-//W3C//DTD XHTML 1.0 Transitional//EN"
    "http://www.w3.org/TR/xhtml1/DTD/xhtml1-transitional.dtd">
<html xmlns="http://www.w3.org/1999/xhtml" xml:lang="en" lang="en">
 <head>
  <title>
</title>
<meta http-equiv="Content-Type" content="text/html;charset=utf-8" />
  <meta name='ocr-system' content='tesseract 3.04.00' />
  <meta name='ocr-capabilities' content='ocr_page ocr_carea ocr_par ocr_line ocrx_word'/>
</head>
<body>
  <div class='ocr_page' id='page_1' title='image "./epistolacritica00gentgoog_0047.png"; bbox 0 0 3078 5382; ppageno 0'>
   <div class='ocr_carea' id='block_1_1' title="bbox 763 473 916 598">
    <p class='ocr_par' dir='ltr' id='par_1_1' title="bbox 763 473 916 598">
     <span class='ocr_line' id='line_1_1' title="bbox 877 473 916 533; baseline 0.026 -1"><span class='ocrx_word' id='word_1_1' title='bbox 877 473 916 533; x_wconf 86' lang='lat'><strong>28</strong></span> 
     </span>
     <span class='ocr_line' id='line_1_2' title="bbox 763 557 803 598; baseline 0 0"><span class='ocrx_word' id='word_1_2' title='bbox 763 557 803 598; x_wconf 66' lang='grc' dir='ltr'><em>κ</em></span> 
     </span>
    </p>
   </div>
   <div class='ocr_carea' id='block_1_2' title="bbox 403 671 1394 1532">
    <p class='ocr_par' dir='ltr' id='par_1_2' title="bbox 403 671 1394 1532">
     <span class='ocr_line' id='line_1_3' title="bbox 404 671 1387 756; baseline -0.003 -14"><span class='ocrx_word' id='word_1_3' title='bbox 404 682 471 744; x_wconf 87' lang='lat' dir='ltr'><strong>loco</strong></span> <span class='ocrx_word' id='word_1_4' title='bbox 485 681 583 741; x_wconf 87' lang='lat' dir='ltr'><strong>nixus.</strong></span> <span class='ocrx_word' id='word_1_5' title='bbox 622 679 753 740; x_wconf 78' lang='lat' dir='ltr'><strong>Frustra:</strong></span> <span class='ocrx_word' id='word_1_6' title='bbox 771 698 843 740; x_wconf 89' lang='lat' dir='ltr'><strong>nam</strong></span> <span class='ocrx_word' id='word_1_7' title='bbox 859 697 922 739; x_wconf 92' lang='lat' dir='ltr'><strong>non</strong></span> <span class='ocrx_word' id='word_1_8' title='bbox 938 680 996 738; x_wconf 91' lang='lat' dir='ltr'><strong>nisi</strong></span> <span class='ocrx_word' id='word_1_9' title='bbox 1011 671 1070 739; x_wconf 75' lang='lat' dir='ltr'><strong>aut&#39;</strong></span> <span class='ocrx_word' id='word_1_10' title='bbox 1081 677 1184 738; x_wconf 85' lang='lat' dir='ltr'><strong>intima</strong></span> <span class='ocrx_word' id='word_1_11' title='bbox 1198 678 1387 756; x_wconf 85' lang='lat' dir='ltr'><strong>Graecitate,</strong></span> 
     </span>
     <span class='ocr_line' id='line_1_4' title="bbox 403 788 1391 872; baseline -0.003 -18"><span class='ocrx_word' id='word_1_12' title='bbox 403 801 456 854; x_wconf 85' lang='lat' dir='ltr'><strong>sut</strong></span> <span class='ocrx_word' id='word_1_13' title='bbox 481 791 562 872; x_wconf 85' lang='lat' dir='ltr'><strong>apud</strong></span> <span class='ocrx_word' id='word_1_14' title='bbox 587 790 769 850; x_wconf 78' lang='lat' dir='ltr'><strong>Christianos</strong></span> <span class='ocrx_word' id='word_1_15' title='bbox 794 790 952 869; x_wconf 75' lang='lat' dir='ltr'><strong>scriptores</strong></span> <span class='ocrx_word' id='word_1_16' title='bbox 976 788 1142 871; x_wconf 74' lang='grc' dir='ltr'><strong>(δουλεύειν</strong></span> <span class='ocrx_word' id='word_1_17' title='bbox 1166 794 1206 868; x_wconf 72' lang='grc' dir='ltr'><strong>τῷ</strong></span> <span class='ocrx_word' id='word_1_18' title='bbox 1230 790 1309 870; x_wconf 73' lang='grc' dir='ltr'><strong>θεῷ)</strong></span> <span class='ocrx_word' id='word_1_19' title='bbox 1327 791 1391 851; x_wconf 88' lang='lat' dir='ltr'><strong>hoc</strong></span> 
     </span>
     <span class='ocr_line' id='line_1_5' title="bbox 403 901 1389 980; baseline -0.001 -17"><span class='ocrx_word' id='word_1_20' title='bbox 403 903 529 964; x_wconf 86' lang='lat' dir='ltr'><strong>obtinet.</strong></span> <span class='ocrx_word' id='word_1_21' title='bbox 577 901 658 976; x_wconf 88' lang='lat' dir='ltr'><strong>Quid</strong></span> <span class='ocrx_word' id='word_1_22' title='bbox 684 901 800 980; x_wconf 74' lang='lat' dir='ltr'><strong>igitur?</strong></span> <span class='ocrx_word' id='word_1_23' title='bbox 843 901 1040 960; x_wconf 86' lang='lat' dir='ltr'><strong>Obliteratam</strong></span> <span class='ocrx_word' id='word_1_24' title='bbox 1066 920 1129 960; x_wconf 73' lang='lat' dir='ltr'><strong>eme</strong></span> <span class='ocrx_word' id='word_1_25' title='bbox 1155 919 1259 960; x_wconf 86' lang='lat' dir='ltr'><strong>veram</strong></span> <span class='ocrx_word' id='word_1_26' title='bbox 1284 901 1389 962; x_wconf 89' lang='lat' dir='ltr'><strong>lectio·</strong></span> 
     </span>
     <span class='ocr_line' id='line_1_6' title="bbox 404 994 1389 1092; baseline -0.002 -20"><span class='ocrx_word' id='word_1_27' title='bbox 404 1031 477 1073; x_wconf 87' lang='lat' dir='ltr'><strong>nom</strong></span> <span class='ocrx_word' id='word_1_28' title='bbox 498 1032 561 1073; x_wconf 89' lang='lat' dir='ltr'><strong>nun</strong></span> <span class='ocrx_word' id='word_1_29' title='bbox 585 1020 630 1073; x_wconf 86' lang='lat' dir='ltr'><strong>est</strong></span> <span class='ocrx_word' id='word_1_30' title='bbox 647 1011 731 1092; x_wconf 89' lang='lat' dir='ltr'><strong>quod</strong></span> <span class='ocrx_word' id='word_1_31' title='bbox 747 1011 895 1072; x_wconf 83' lang='lat' dir='ltr'><strong>dubitem.</strong></span> <span class='ocrx_word' id='word_1_32' title='bbox 947 1009 1023 1070; x_wconf 87' lang='lat' dir='ltr'><strong>Puto</strong></span> <span class='ocrx_word' id='word_1_33' title='bbox 1047 994 1194 1070; x_wconf 81' lang='lat' dir='ltr'><strong>Doridem</strong></span> <span class='ocrx_word' id='word_1_34' title='bbox 1208 1011 1241 1068; x_wconf 76' lang='grc' dir='ltr'><strong>ἐν</strong></span> <span class='ocrx_word' id='word_1_35' title='bbox 1257 1016 1297 1090; x_wconf 71' lang='grc' dir='ltr'><strong>τῷ</strong></span> <span class='ocrx_word' id='word_1_36' title='bbox 1318 1019 1389 1090; x_wconf 75' lang='grc' dir='ltr'><strong><em>περὶ</em></strong></span> 
     </span>
     <span class='ocr_line' id='line_1_7' title="bbox 406 1122 1391 1203; baseline -0.005 -19"><span class='ocrx_word' id='word_1_37' title='bbox 406 1130 582 1203; x_wconf 78' lang='grc' dir='ltr'><strong><em>Τορευτικῆς</em></strong></span> <span class='ocrx_word' id='word_1_38' title='bbox 603 1122 752 1203; x_wconf 78' lang='lat' dir='ltr'><strong>scripsIsse</strong></span> <span class='ocrx_word' id='word_1_39' title='bbox 772 1123 923 1182; x_wconf 80' lang='lat' dir='ltr'><strong>Socratem</strong></span> <span class='ocrx_word' id='word_1_40' title='bbox 940 1129 1120 1199; x_wconf 77' lang='grc' dir='ltr'><strong><em>τορεῦσαι</em></strong></span> <span class='ocrx_word' id='word_1_41' title='bbox 1138 1129 1188 1181; x_wconf 71' lang='grc' dir='ltr'><strong>καὶ</strong></span> <span class='ocrx_word' id='word_1_42' title='bbox 1201 1123 1391 1201; x_wconf 74' lang='grc' dir='ltr'><strong><em>ἐργάσασθαι</em></strong></span> 
     </span>
     <span class='ocr_line' id='line_1_8' title="bbox 406 1231 1386 1312; baseline -0.002 -20"><span class='ocrx_word' id='word_1_43' title='bbox 406 1237 525 1299; x_wconf 68' lang='grc' dir='ltr'><strong>λίθους.</strong></span> <span class='ocrx_word' id='word_1_44' title='bbox 565 1232 642 1294; x_wconf 82' lang='lat' dir='ltr'><strong>Eum</strong></span> <span class='ocrx_word' id='word_1_45' title='bbox 666 1234 851 1312; x_wconf 73' lang='grc' dir='ltr'><strong><em>ἐργάσασθαι</em></strong></span> <span class='ocrx_word' id='word_1_46' title='bbox 875 1236 997 1308; x_wconf 72' lang='grc' dir='ltr'><em>λίθους,</em></span> <span class='ocrx_word' id='word_1_47' title='bbox 1019 1231 1053 1290; x_wconf 89' lang='lat' dir='ltr'><strong>id</strong></span> <span class='ocrx_word' id='word_1_48' title='bbox 1073 1240 1118 1291; x_wconf 83' lang='lat' dir='ltr'><strong>est</strong></span> <span class='ocrx_word' id='word_1_49' title='bbox 1134 1232 1314 1293; x_wconf 79' lang='lat' dir='ltr'><strong>statuarium</strong></span> <span class='ocrx_word' id='word_1_50' title='bbox 1330 1231 1386 1312; x_wconf 79' lang='lat' dir='ltr'><strong>(ts-</strong></span> 
     </span>
     <span class='ocr_line' id='line_1_9' title="bbox 405 1341 1393 1424; baseline 0.001 -22"><span class='ocrx_word' id='word_1_51' title='bbox 405 1341 530 1424; x_wconf 76' lang='grc' dir='ltr'><strong>θοξόοι)</strong></span> <span class='ocrx_word' id='word_1_52' title='bbox 556 1342 665 1420; x_wconf 81' lang='lat' dir='ltr'><strong>fuisse,</strong></span> <span class='ocrx_word' id='word_1_53' title='bbox 692 1343 772 1404; x_wconf 87' lang='lat' dir='ltr'><strong>bene</strong></span> <span class='ocrx_word' id='word_1_54' title='bbox 796 1341 888 1402; x_wconf 88' lang='lat' dir='ltr'><strong>multi</strong></span> <span class='ocrx_word' id='word_1_55' title='bbox 914 1341 1125 1418; x_wconf 86' lang='lat' dir='ltr'><strong>tradiderunt,</strong></span> <span class='ocrx_word' id='word_1_56' title='bbox 1144 1351 1220 1421; x_wconf 83' lang='lat' dir='ltr'><strong>qno&#39;s</strong></span> <span class='ocrx_word' id='word_1_57' title='bbox 1236 1342 1281 1402; x_wconf 84' lang='lat' dir='ltr'><strong>Tu</strong></span> <span class='ocrx_word' id='word_1_58' title='bbox 1303 1361 1393 1403; x_wconf 85' lang='lat' dir='ltr'><strong>com-</strong></span> 
     </span>
     <span class='ocr_line' id='line_1_10' title="bbox 405 1451 1394 1532; baseline -0.004 -16"><span class='ocrx_word' id='word_1_59' title='bbox 405 1453 496 1516; x_wconf 87' lang='lat' dir='ltr'><strong>mode</strong></span> <span class='ocrx_word' id='word_1_60' title='bbox 521 1453 677 1516; x_wconf 58' lang='lat' dir='ltr'><strong>laudasti..</strong></span> <span class='ocrx_word' id='word_1_61' title='bbox 702 1453 779 1530; x_wconf 81' lang='lat' dir='ltr'><strong>Sed,</strong></span> <span class='ocrx_word' id='word_1_62' title='bbox 799 1451 883 1532; x_wconf 90' lang='lat' dir='ltr'><strong>quod</strong></span> <span class='ocrx_word' id='word_1_63' title='bbox 904 1452 992 1512; x_wconf 86' lang='lat' dir='ltr'><strong>Duris</strong></span> <span class='ocrx_word' id='word_1_64' title='bbox 1003 1461 1123 1532; x_wconf 83' lang='lat' dir='ltr'><strong>praetor</strong></span> <span class='ocrx_word' id='word_1_65' title='bbox 1139 1451 1273 1531; x_wconf 87' lang='lat' dir='ltr'><strong>reliquos</strong></span> <span class='ocrx_word' id='word_1_66' title='bbox 1288 1471 1394 1512; x_wconf 88' lang='lat' dir='ltr'><strong>omnes</strong></span> 
     </span>
    </p>
   </div>
   <div class='ocr_carea' id='block_1_3' title="bbox 406 1561 1516 1644">
    <p class='ocr_par' dir='ltr' id='par_1_3' title="bbox 406 1561 1516 1644">
     <span class='ocr_line' id='line_1_11' title="bbox 406 1561 1516 1644; baseline -0.003 -19"><span class='ocrx_word' id='word_1_67' title='bbox 406 1563 542 1644; x_wconf 74' lang='lat' dir='ltr'><strong>scripsit,</strong></span> <span class='ocrx_word' id='word_1_68' title='bbox 559 1564 619 1624; x_wconf 89' lang='lat' dir='ltr'><strong>hoo</strong></span> <span class='ocrx_word' id='word_1_69' title='bbox 638 1571 699 1641; x_wconf 87' lang='lat' dir='ltr'><strong>est,</strong></span> <span class='ocrx_word' id='word_1_70' title='bbox 718 1561 803 1644; x_wconf 89' lang='lat' dir='ltr'><strong>qnod</strong></span> <span class='ocrx_word' id='word_1_71' title='bbox 820 1563 985 1642; x_wconf 71' lang='grc' dir='ltr'><strong><em>ἐτόρευσεν.</em></strong></span> <span class='ocrx_word' id='word_1_72' title='bbox 1028 1563 1073 1623; x_wconf 86' lang='lat' dir='ltr'><strong>Ne</strong></span> <span class='ocrx_word' id='word_1_73' title='bbox 1090 1563 1160 1642; x_wconf 90' lang='lat' dir='ltr'><strong>quis</strong></span> <span class='ocrx_word' id='word_1_74' title='bbox 1175 1562 1254 1622; x_wconf 91' lang='lat' dir='ltr'><strong>mihi</strong></span> <span class='ocrx_word' id='word_1_75' title='bbox 1268 1562 1395 1623; x_wconf 87' lang='lat' dir='ltr'><strong>obiiciat</strong></span> <span class='ocrx_word' id='word_1_76' title='bbox 1515 1597 1516 1600; x_wconf 61' lang='lat'><em>=</em></span> 
     </span>
    </p>
   </div>
   <div class='ocr_carea' id='block_1_4' title="bbox 406 1672 1398 1752">
    <p class='ocr_par' dir='ltr' id='par_1_4' title="bbox 406 1672 1398 1752">
     <span class='ocr_line' id='line_1_12' title="bbox 406 1672 1398 1752; baseline 0 -16"><span class='ocrx_word' id='word_1_77' title='bbox 406 1675 467 1736; x_wconf 89' lang='lat' dir='ltr'><strong>hoo</strong></span> <span class='ocrx_word' id='word_1_78' title='bbox 488 1693 507 1736; x_wconf 88' lang='lat' dir='ltr'><strong>a</strong></span> <span class='ocrx_word' id='word_1_79' title='bbox 523 1675 648 1735; x_wconf 89' lang='lat' dir='ltr'><strong>nemine</strong></span> <span class='ocrx_word' id='word_1_80' title='bbox 670 1672 760 1734; x_wconf 81' lang='lat' dir='ltr'><strong>tradi.</strong></span> <span class='ocrx_word' id='word_1_81' title='bbox 802 1673 878 1734; x_wconf 81' lang='lat' dir='ltr'><strong>Nam</strong></span> <span class='ocrx_word' id='word_1_82' title='bbox 894 1693 958 1733; x_wconf 91' lang='lat' dir='ltr'><strong>non</strong></span> <span class='ocrx_word' id='word_1_83' title='bbox 973 1673 1069 1752; x_wconf 74' lang='lat' dir='ltr'><strong>magis</strong></span> <span class='ocrx_word' id='word_1_84' title='bbox 1085 1673 1145 1734; x_wconf 81' lang='lat' dir='ltr'><strong>siin</strong></span> <span class='ocrx_word' id='word_1_85' title='bbox 1161 1673 1277 1749; x_wconf 85' lang='lat' dir='ltr'><strong>multa,</strong></span> <span class='ocrx_word' id='word_1_86' title='bbox 1297 1695 1316 1734; x_wconf 87' lang='lat' dir='ltr'><strong>a</strong></span> <span class='ocrx_word' id='word_1_87' title='bbox 1334 1673 1398 1736; x_wconf 80' lang='lat' dir='ltr'><strong>ltn-</strong></span> 
     </span>
    </p>
   </div>
   <div class='ocr_carea' id='block_1_5' title="bbox 408 1780 1516 1863">
    <p class='ocr_par' dir='ltr' id='par_1_5' title="bbox 408 1780 1516 1863">
     <span class='ocr_line' id='line_1_13' title="bbox 408 1780 1516 1863; baseline 0.001 -17"><span class='ocrx_word' id='word_1_88' title='bbox 408 1783 477 1846; x_wconf 87' lang='lat' dir='ltr'><strong>ride</strong></span> <span class='ocrx_word' id='word_1_89' title='bbox 500 1793 621 1846; x_wconf 83' lang='lat' dir='ltr'><strong>narrata</strong></span> <span class='ocrx_word' id='word_1_90' title='bbox 642 1791 673 1844; x_wconf 88' lang='lat' dir='ltr'><strong>et</strong></span> <span class='ocrx_word' id='word_1_91' title='bbox 696 1784 851 1844; x_wconf 88' lang='lat' dir='ltr'><strong>communi</strong></span> <span class='ocrx_word' id='word_1_92' title='bbox 877 1784 1014 1863; x_wconf 90' lang='lat' dir='ltr'><strong>opinioni</strong></span> <span class='ocrx_word' id='word_1_93' title='bbox 1030 1785 1197 1862; x_wconf 78' lang='lat' dir='ltr'><strong>contrmia,</strong></span> <span class='ocrx_word' id='word_1_94' title='bbox 1216 1780 1395 1862; x_wconf 87' lang='lat' dir='ltr'><strong>(meministi</strong></span> <span class='ocrx_word' id='word_1_95' title='bbox 1515 1801 1516 1856; x_wconf 67' lang='grc' dir='ltr'>ζ</span> 
     </span>
    </p>
   </div>
   <div class='ocr_carea' id='block_1_6' title="bbox 408 1891 1102 1975">
    <p class='ocr_par' dir='ltr' id='par_1_6' title="bbox 408 1891 1102 1975">
     <span class='ocr_line' id='line_1_14' title="bbox 408 1891 1102 1975; baseline 0 -18"><span class='ocrx_word' id='word_1_96' title='bbox 408 1891 521 1975; x_wconf 85' lang='lat' dir='ltr'><strong>onim),</strong></span> <span class='ocrx_word' id='word_1_97' title='bbox 539 1895 621 1975; x_wconf 88' lang='lat' dir='ltr'><strong>apud</strong></span> <span class='ocrx_word' id='word_1_98' title='bbox 637 1893 771 1973; x_wconf 80' lang='lat' dir='ltr'><strong>reliquos</strong></span> <span class='ocrx_word' id='word_1_99' title='bbox 788 1893 947 1973; x_wconf 76' lang='lat' dir='ltr'><strong>scriptores</strong></span> <span class='ocrx_word' id='word_1_100' title='bbox 961 1895 1102 1973; x_wconf 86' lang='lat' dir='ltr'><strong>reperies.</strong></span> 
     </span>
    </p>
   </div>
   <div class='ocr_carea' id='block_1_7' title="bbox 407 2113 1398 2638">
    <p class='ocr_par' dir='ltr' id='par_1_7' title="bbox 407 2113 1398 2638">
     <span class='ocr_line' id='line_1_15' title="bbox 449 2113 1397 2196; baseline -0.001 -20"><span class='ocrx_word' id='word_1_101' title='bbox 449 2116 483 2180; x_wconf 86' lang='lat' dir='ltr'><strong>P.</strong></span> <span class='ocrx_word' id='word_1_102' title='bbox 496 2115 565 2178; x_wconf 85' lang='grc'><strong>192.</strong></span> <span class='ocrx_word' id='word_1_103' title='bbox 581 2115 631 2178; x_wconf 79' lang='lat' dir='ltr'><strong>Fr.</strong></span> <span class='ocrx_word' id='word_1_104' title='bbox 640 2113 781 2176; x_wconf 79' lang='lat' dir='ltr'><strong>LXXXII.</strong></span> <span class='ocrx_word' id='word_1_105' title='bbox 802 2115 834 2173; x_wconf 78' lang='grc' dir='ltr'><strong>ἐν</strong></span> <span class='ocrx_word' id='word_1_106' title='bbox 855 2113 889 2176; x_wconf 78' lang='grc' dir='ltr'><strong>δὲ</strong></span> <span class='ocrx_word' id='word_1_107' title='bbox 906 2123 940 2192; x_wconf 79' lang='grc' dir='ltr'><strong>τῇ</strong></span> <span class='ocrx_word' id='word_1_108' title='bbox 960 2119 1043 2195; x_wconf 74' lang='grc' dir='ltr'><strong><em>χώρᾳ</em></strong></span> <span class='ocrx_word' id='word_1_109' title='bbox 1062 2147 1102 2161; x_wconf 91' lang='lat'>-</span> <span class='ocrx_word' id='word_1_110' title='bbox 1120 2117 1256 2196; x_wconf 64' lang='lat' dir='ltr'><strong>spemin]</strong></span> <span class='ocrx_word' id='word_1_111' title='bbox 1298 2115 1397 2176; x_wconf 75' lang='lat' dir='ltr'><strong>Idibus</strong></span> 
     </span>
     <span class='ocr_line' id='line_1_16' title="bbox 407 2224 1396 2308; baseline -0.004 -20"><span class='ocrx_word' id='word_1_112' title='bbox 407 2227 508 2308; x_wconf 86' lang='lat' dir='ltr'><strong>placet</strong></span> <span class='ocrx_word' id='word_1_113' title='bbox 533 2225 763 2307; x_wconf 80' lang='lat' dir='ltr'><strong>Wyttenbacbii</strong></span> <span class='ocrx_word' id='word_1_114' title='bbox 795 2224 984 2302; x_wconf 85' lang='lat' dir='ltr'><strong>emendatio,</strong></span> <span class='ocrx_word' id='word_1_115' title='bbox 1012 2245 1069 2305; x_wconf 87' lang='lat' dir='ltr'><strong>pro</strong></span> <span class='ocrx_word' id='word_1_116' title='bbox 1100 2225 1222 2304; x_wconf 77' lang='lat' dir='ltr'><strong>vulgato</strong></span> <span class='ocrx_word' id='word_1_117' title='bbox 1249 2228 1396 2304; x_wconf 76' lang='grc' dir='ltr'><strong>περιιδὼν</strong></span> 
     </span>
     <span class='ocr_line' id='line_1_17' title="bbox 408 2336 1397 2419; baseline -0.001 -20"><span class='ocrx_word' id='word_1_118' title='bbox 408 2338 536 2419; x_wconf 77' lang='lat' dir='ltr'><strong>legentis</strong></span> <span class='ocrx_word' id='word_1_119' title='bbox 548 2339 628 2402; x_wconf 73' lang='grc' dir='ltr'><strong><em>ἰδών.</em></strong></span> <span class='ocrx_word' id='word_1_120' title='bbox 670 2337 733 2398; x_wconf 83' lang='lat' dir='ltr'><strong>Nisi</strong></span> <span class='ocrx_word' id='word_1_121' title='bbox 750 2357 839 2397; x_wconf 86' lang='lat' dir='ltr'><strong>sanus</strong></span> <span class='ocrx_word' id='word_1_122' title='bbox 853 2337 1005 2414; x_wconf 76' lang='lat' dir='ltr'><strong>estiensis,</strong></span> <span class='ocrx_word' id='word_1_123' title='bbox 1021 2336 1144 2397; x_wconf 76' lang='lat' dir='ltr'><strong>tortasse</strong></span> <span class='ocrx_word' id='word_1_124' title='bbox 1161 2336 1277 2396; x_wconf 85' lang='lat' dir='ltr'><strong>leviore</strong></span> <span class='ocrx_word' id='word_1_125' title='bbox 1293 2345 1397 2398; x_wconf 89' lang='lat' dir='ltr'><strong>muta-</strong></span> 
     </span>
     <span class='ocr_line' id='line_1_18' title="bbox 410 2447 1398 2528; baseline -0.004 -18"><span class='ocrx_word' id='word_1_126' title='bbox 410 2447 717 2528; x_wconf 74' lang='lat' dir='ltr'><strong>tionecorrigendum</strong></span> <span class='ocrx_word' id='word_1_127' title='bbox 727 2450 868 2526; x_wconf 75' lang='grc' dir='ltr'><strong><em>περιιών,</em></strong></span> <span class='ocrx_word' id='word_1_128' title='bbox 887 2449 1033 2508; x_wconf 81' lang='lat' dir='ltr'><strong>obesrssss.</strong></span> <span class='ocrx_word' id='word_1_129' title='bbox 1055 2448 1212 2526; x_wconf 81' lang='grc' dir='ltr'><strong><em>Περιιέναι</em></strong></span> <span class='ocrx_word' id='word_1_130' title='bbox 1222 2447 1306 2509; x_wconf 90' lang='lat' dir='ltr'><strong>enim</strong></span> <span class='ocrx_word' id='word_1_131' title='bbox 1315 2447 1398 2526; x_wconf 90' lang='lat' dir='ltr'><strong>apud</strong></span> 
     </span>
     <span class='ocr_line' id='line_1_19' title="bbox 412 2557 1397 2638; baseline -0.005 -15"><span class='ocrx_word' id='word_1_132' title='bbox 412 2560 532 2623; x_wconf 86' lang='lat' dir='ltr'><strong>serioris</strong></span> <span class='ocrx_word' id='word_1_133' title='bbox 552 2559 656 2622; x_wconf 88' lang='lat' dir='ltr'><strong>aetatis</strong></span> <span class='ocrx_word' id='word_1_134' title='bbox 671 2558 830 2638; x_wconf 84' lang='lat' dir='ltr'><strong>scriptores</strong></span> <span class='ocrx_word' id='word_1_135' title='bbox 843 2557 925 2618; x_wconf 87' lang='lat' dir='ltr'><strong>idem</strong></span> <span class='ocrx_word' id='word_1_136' title='bbox 943 2567 987 2618; x_wconf 92' lang='lat' dir='ltr'><strong>est</strong></span> <span class='ocrx_word' id='word_1_137' title='bbox 1004 2557 1088 2637; x_wconf 92' lang='lat' dir='ltr'><strong>quod</strong></span> <span class='ocrx_word' id='word_1_138' title='bbox 1104 2560 1249 2618; x_wconf 72' lang='grc' dir='ltr'><strong><em>ἀλᾶσθαι.</em></strong></span> <span class='ocrx_word' id='word_1_139' title='bbox 1271 2558 1397 2618; x_wconf 86' lang='lat' dir='ltr'><strong>Lucian.</strong></span> 
     </span>
    </p>
   </div>
   <div class='ocr_carea' id='block_1_8' title="bbox 412 2647 1516 3193">
    <p class='ocr_par' dir='ltr' id='par_1_8' title="bbox 412 2647 1516 3193">
     <span class='ocr_line' id='line_1_20' title="bbox 412 2647 1399 2748; baseline -0.001 -17"><span class='ocrx_word' id='word_1_140' title='bbox 412 2671 488 2732; x_wconf 76' lang='lat' dir='ltr'><strong>aim.</strong></span> <span class='ocrx_word' id='word_1_141' title='bbox 498 2670 550 2732; x_wconf 82' lang='lat'><strong>25.</strong></span> <span class='ocrx_word' id='word_1_142' title='bbox 575 2669 677 2730; x_wconf 81' lang='lat' dir='ltr'><strong>Aletes</strong></span> <span class='ocrx_word' id='word_1_143' title='bbox 692 2677 795 2729; x_wconf 90' lang='lat' dir='ltr'><strong>autem</strong></span> <span class='ocrx_word' id='word_1_144' title='bbox 809 2669 895 2728; x_wconf 86' lang='lat' dir='ltr'><strong>exsul</strong></span> <span class='ocrx_word' id='word_1_145' title='bbox 909 2647 942 2727; x_wconf 78' lang='lat' dir='ltr'><strong>in</strong></span> <span class='ocrx_word' id='word_1_146' title='bbox 958 2670 1087 2748; x_wconf 85' lang='lat' dir='ltr'><strong>patriam</strong></span> <span class='ocrx_word' id='word_1_147' title='bbox 1103 2667 1205 2730; x_wconf 87' lang='lat' dir='ltr'><strong>redire</strong></span> <span class='ocrx_word' id='word_1_148' title='bbox 1221 2669 1399 2730; x_wconf 86' lang='lat' dir='ltr'><strong>conabatur.</strong></span> 
     </span>
     <span class='ocr_line' id='line_1_21' title="bbox 413 2779 1401 2859; baseline 0 -19"><span class='ocrx_word' id='word_1_149' title='bbox 413 2779 501 2856; x_wconf 86' lang='lat' dir='ltr'><strong>Quod</strong></span> <span class='ocrx_word' id='word_1_150' title='bbox 518 2787 553 2838; x_wconf 93' lang='lat' dir='ltr'><strong>ut</strong></span> <span class='ocrx_word' id='word_1_151' title='bbox 570 2787 822 2857; x_wconf 85' lang='lat' dir='ltr'><strong>consequeretur,</strong></span> <span class='ocrx_word' id='word_1_152' title='bbox 837 2780 869 2838; x_wconf 91' lang='lat' dir='ltr'><strong>in</strong></span> <span class='ocrx_word' id='word_1_153' title='bbox 879 2799 951 2858; x_wconf 79' lang='lat' dir='ltr'><strong>agro</strong></span> <span class='ocrx_word' id='word_1_154' title='bbox 959 2779 1150 2840; x_wconf 83' lang='lat' dir='ltr'><strong>Corinthiaco</strong></span> <span class='ocrx_word' id='word_1_155' title='bbox 1159 2781 1312 2840; x_wconf 74' lang='lat' dir='ltr'><strong>coenosas</strong></span> <span class='ocrx_word' id='word_1_156' title='bbox 1316 2826 1326 2857; x_wconf 88' lang='lat'><strong>,</strong></span> <span class='ocrx_word' id='word_1_157' title='bbox 1343 2799 1401 2859; x_wconf 91' lang='lat' dir='ltr'><strong>op-</strong></span> 
     </span>
     <span class='ocr_line' id='line_1_22' title="bbox 413 2888 1401 2971; baseline -0.003 -20"><span class='ocrx_word' id='word_1_158' title='bbox 413 2896 579 2971; x_wconf 89' lang='lat' dir='ltr'><strong>portunum</strong></span> <span class='ocrx_word' id='word_1_159' title='bbox 593 2895 711 2966; x_wconf 87' lang='lat' dir='ltr'><strong>tempus</strong></span> <span class='ocrx_word' id='word_1_160' title='bbox 723 2888 920 2968; x_wconf 84' lang='lat' dir='ltr'><strong>praestolans,</strong></span> <span class='ocrx_word' id='word_1_161' title='bbox 932 2888 1044 2966; x_wconf 88' lang='lat' dir='ltr'><strong>donce,</strong></span> <span class='ocrx_word' id='word_1_162' title='bbox 1057 2890 1091 2948; x_wconf 90' lang='lat' dir='ltr'><strong>in</strong></span> <span class='ocrx_word' id='word_1_163' title='bbox 1105 2897 1251 2967; x_wconf 85' lang='lat' dir='ltr'><strong>pastorem</strong></span> <span class='ocrx_word' id='word_1_164' title='bbox 1263 2889 1401 2966; x_wconf 84' lang='lat' dir='ltr'><strong>aliquem</strong></span> 
     </span>
     <span class='ocr_line' id='line_1_23' title="bbox 414 2998 1399 3080; baseline -0.005 -18"><span class='ocrx_word' id='word_1_165' title='bbox 414 2999 568 3076; x_wconf 86' lang='lat' dir='ltr'><strong>incidens,</strong></span> <span class='ocrx_word' id='word_1_166' title='bbox 588 2998 672 3058; x_wconf 89' lang='lat' dir='ltr'><strong>huno</strong></span> <span class='ocrx_word' id='word_1_167' title='bbox 697 3017 735 3058; x_wconf 85' lang='lat' dir='ltr'><strong>ex</strong></span> <span class='ocrx_word' id='word_1_168' title='bbox 759 2998 876 3058; x_wconf 85' lang='lat' dir='ltr'><strong>oraculi</strong></span> <span class='ocrx_word' id='word_1_169' title='bbox 897 2999 1039 3062; x_wconf 89' lang='lat' dir='ltr'><strong>mandato</strong></span> <span class='ocrx_word' id='word_1_170' title='bbox 1065 3001 1152 3080; x_wconf 83' lang='lat' dir='ltr'><strong>punis</strong></span> <span class='ocrx_word' id='word_1_171' title='bbox 1171 2999 1300 3059; x_wconf 79' lang='lat' dir='ltr'><strong>frustum</strong></span> <span class='ocrx_word' id='word_1_172' title='bbox 1315 3006 1399 3078; x_wconf 84' lang='lat' dir='ltr'><strong>pete-</strong></span> 
     </span>
     <span class='ocr_line' id='line_1_24' title="bbox 416 3103 1516 3193; baseline -0.001 -22"><span class='ocrx_word' id='word_1_173' title='bbox 416 3110 478 3172; x_wconf 87' lang='lat' dir='ltr'><strong>bat.</strong></span> <span class='ocrx_word' id='word_1_174' title='bbox 527 3108 669 3169; x_wconf 84' lang='lat' dir='ltr'><strong>Geterum</strong></span> <span class='ocrx_word' id='word_1_175' title='bbox 693 3107 778 3168; x_wconf 87' lang='lat' dir='ltr'><strong>locus</strong></span> <span class='ocrx_word' id='word_1_176' title='bbox 807 3109 1054 3193; x_wconf 66' lang='lat' dir='ltr'><strong>interpungendi»</strong></span> <span class='ocrx_word' id='word_1_177' title='bbox 1078 3119 1122 3171; x_wconf 86' lang='lat' dir='ltr'><strong>cst</strong></span> <span class='ocrx_word' id='word_1_178' title='bbox 1147 3109 1313 3188; x_wconf 86' lang='lat' dir='ltr'><strong>sanandus;</strong></span> <span class='ocrx_word' id='word_1_179' title='bbox 1340 3109 1400 3170; x_wconf 88' lang='lat' dir='ltr'><strong>hoc</strong></span> <span class='ocrx_word' id='word_1_180' title='bbox 1515 3103 1516 3112; x_wconf 66' lang='grc'>’</span> 
     </span>
    </p>
   </div>
   <div class='ocr_carea' id='block_1_9' title="bbox 417 3218 1399 3300">
    <p class='ocr_par' dir='ltr' id='par_1_9' title="bbox 417 3218 1399 3300">
     <span class='ocr_line' id='line_1_25' title="bbox 417 3218 1399 3300; baseline 0 -18"><span class='ocrx_word' id='word_1_181' title='bbox 417 3219 522 3282; x_wconf 65' lang='lat' dir='ltr'><strong>modos</strong></span> <span class='ocrx_word' id='word_1_182' title='bbox 544 3220 575 3278; x_wconf 71' lang='grc' dir='ltr'><strong>ἓν</strong></span> <span class='ocrx_word' id='word_1_183' title='bbox 594 3218 627 3280; x_wconf 73' lang='grc' dir='ltr'><strong>δὲ</strong></span> <span class='ocrx_word' id='word_1_184' title='bbox 645 3227 679 3298; x_wconf 81' lang='grc' dir='ltr'><strong>τῇ</strong></span> <span class='ocrx_word' id='word_1_185' title='bbox 695 3223 777 3300; x_wconf 74' lang='grc' dir='ltr'><strong><em>χώρᾳ</em></strong></span> <span class='ocrx_word' id='word_1_186' title='bbox 791 3224 931 3300; x_wconf 81' lang='grc' dir='ltr'><strong><em>περιιὼν,</em></strong></span> <span class='ocrx_word' id='word_1_187' title='bbox 948 3225 1015 3280; x_wconf 79' lang='grc' dir='ltr'><strong><em>τινὰ</em></strong></span> <span class='ocrx_word' id='word_1_188' title='bbox 1034 3223 1177 3298; x_wconf 69' lang='grc' dir='ltr'><strong>βουκόλον</strong></span> <span class='ocrx_word' id='word_1_189' title='bbox 1195 3226 1259 3298; x_wconf 75' lang='grc' dir='ltr'><strong><em>ᾔτει</em></strong></span> <span class='ocrx_word' id='word_1_190' title='bbox 1278 3224 1399 3300; x_wconf 63' lang='grc' dir='ltr'><strong><em>τροφήν.</em></strong></span> 
     </span>
    </p>
   </div>
   <div class='ocr_carea' id='block_1_10' title="bbox 418 3329 1516 3411">
    <p class='ocr_par' dir='ltr' id='par_1_10' title="bbox 418 3329 1516 3411">
     <span class='ocr_line' id='line_1_26' title="bbox 418 3329 1516 3411; baseline -0.008 -16"><span class='ocrx_word' id='word_1_191' title='bbox 418 3329 531 3394; x_wconf 79' lang='lat' dir='ltr'><strong>Eodem</strong></span> <span class='ocrx_word' id='word_1_192' title='bbox 551 3329 641 3392; x_wconf 90' lang='lat' dir='ltr'><strong>modo</strong></span> <span class='ocrx_word' id='word_1_193' title='bbox 663 3331 763 3392; x_wconf 83' lang='lat' dir='ltr'><strong>Schol.</strong></span> <span class='ocrx_word' id='word_1_194' title='bbox 788 3329 875 3394; x_wconf 87' lang='lat' dir='ltr'><strong>Pind.</strong></span> <span class='ocrx_word' id='word_1_195' title='bbox 895 3332 969 3392; x_wconf 84' lang='lat' dir='ltr'><strong>aTe</strong></span> <span class='ocrx_word' id='word_1_196' title='bbox 986 3333 1109 3392; x_wconf 90' lang='lat' dir='ltr'><strong>citatus:</strong></span> <span class='ocrx_word' id='word_1_197' title='bbox 1130 3336 1192 3407; x_wconf 77' lang='grc' dir='ltr'><strong><em>ᾔτει</em></strong></span> <span class='ocrx_word' id='word_1_198' title='bbox 1215 3335 1282 3390; x_wconf 77' lang='grc' dir='ltr'><strong><em>τινὰ</em></strong></span> <span class='ocrx_word' id='word_1_199' title='bbox 1299 3332 1396 3411; x_wconf 74' lang='grc' dir='ltr'><strong><em>ἀγρεῖ·</em></strong></span> <span class='ocrx_word' id='word_1_200' title='bbox 1515 3359 1516 3362; x_wconf 33' lang='lat'>¹</span> 
     </span>
    </p>
   </div>
   <div class='ocr_carea' id='block_1_11' title="bbox 420 3439 594 3518">
    <p class='ocr_par' dir='ltr' id='par_1_11' title="bbox 420 3439 594 3518">
     <span class='ocr_line' id='line_1_27' title="bbox 420 3439 594 3518; baseline 0 -18"><span class='ocrx_word' id='word_1_201' title='bbox 420 3461 472 3500; x_wconf 76' lang='lat' dir='ltr'><strong>sor</strong></span> <span class='ocrx_word' id='word_1_202' title='bbox 495 3439 594 3518; x_wconf 77' lang='lat' dir='ltr'><strong>dipsas.</strong></span> 
     </span>
    </p>
   </div>
   <div class='ocr_carea' id='block_1_12' title="bbox 422 3657 1516 4186">
    <p class='ocr_par' dir='ltr' id='par_1_12' title="bbox 422 3657 1516 4186">
     <span class='ocr_line' id='line_1_28' title="bbox 461 3657 1399 3739; baseline -0.002 -18"><span class='ocrx_word' id='word_1_203' title='bbox 461 3659 493 3722; x_wconf 87' lang='lat' dir='ltr'><strong>P.</strong></span> <span class='ocrx_word' id='word_1_204' title='bbox 512 3657 819 3722; x_wconf 61' lang='lat' dir='ltr'><strong>testabimini.</strong></span> <span class='ocrx_word' id='word_1_205' title='bbox 839 3661 1028 3739; x_wconf 67' lang='grc' dir='ltr'><strong><em>ἐκμσθσίνσας</em></strong></span> <span class='ocrx_word' id='word_1_206' title='bbox 1047 3667 1099 3730; x_wconf 76' lang='grc' dir='ltr'><strong>τὰς</strong></span> <span class='ocrx_word' id='word_1_207' title='bbox 1114 3671 1164 3738; x_wconf 80' lang='grc' dir='ltr'><strong>τῆς</strong></span> <span class='ocrx_word' id='word_1_208' title='bbox 1183 3665 1305 3738; x_wconf 70' lang='grc' dir='ltr'><strong><em>σελήνης</em></strong></span> <span class='ocrx_word' id='word_1_209' title='bbox 1322 3663 1399 3734; x_wconf 66' lang='grc' dir='ltr'><strong><em>κινή-</em></strong></span> 
     </span>
     <span class='ocr_line' id='line_1_29' title="bbox 422 3767 1402 3854; baseline -0.003 -21"><span class='ocrx_word' id='word_1_210' title='bbox 422 3771 513 3853; x_wconf 59' lang='grc' dir='ltr'><strong><em>σειε]</em></strong></span> <span class='ocrx_word' id='word_1_211' title='bbox 554 3767 691 3831; x_wconf 76' lang='lat' dir='ltr'><strong>Absurde</strong></span> <span class='ocrx_word' id='word_1_212' title='bbox 718 3771 795 3832; x_wconf 87' lang='lat' dir='ltr'><strong>haec</strong></span> <span class='ocrx_word' id='word_1_213' title='bbox 820 3781 899 3832; x_wconf 90' lang='lat' dir='ltr'><strong>sunt.</strong></span> <span class='ocrx_word' id='word_1_214' title='bbox 935 3775 1142 3854; x_wconf 84' lang='lat' dir='ltr'><strong>Quapropter,</strong></span> <span class='ocrx_word' id='word_1_215' title='bbox 1161 3773 1279 3835; x_wconf 87' lang='lat' dir='ltr'><strong>collatis</strong></span> <span class='ocrx_word' id='word_1_216' title='bbox 1304 3771 1402 3832; x_wconf 88' lang='lat' dir='ltr'><strong>verbis</strong></span> 
     </span>
     <span class='ocr_line' id='line_1_30' title="bbox 422 3879 1403 3964; baseline -0.003 -19"><span class='ocrx_word' id='word_1_217' title='bbox 422 3882 522 3945; x_wconf 84' lang='lat' dir='ltr'><strong>Schol.</strong></span> <span class='ocrx_word' id='word_1_218' title='bbox 541 3879 682 3962; x_wconf 78' lang='lat' dir='ltr'><strong>Apellen.</strong></span> <span class='ocrx_word' id='word_1_219' title='bbox 697 3881 755 3944; x_wconf 83' lang='lat' dir='ltr'><strong>Ith.</strong></span> <span class='ocrx_word' id='word_1_220' title='bbox 766 3881 816 3959; x_wconf 86' lang='lat' dir='ltr'><strong>IV,</strong></span> <span class='ocrx_word' id='word_1_221' title='bbox 831 3883 871 3944; x_wconf 77' lang='lat'><strong>59</strong></span> <span class='ocrx_word' id='word_1_222' title='bbox 885 3891 916 3944; x_wconf 91' lang='lat' dir='ltr'><strong>et</strong></span> <span class='ocrx_word' id='word_1_223' title='bbox 930 3884 980 3946; x_wconf 89' lang='grc'><strong>60.</strong></span> <span class='ocrx_word' id='word_1_224' title='bbox 987 3931 997 3961; x_wconf 86' lang='grc'><strong><em>,</em></strong></span> <span class='ocrx_word' id='word_1_225' title='bbox 1010 3907 1074 3946; x_wconf 93' lang='lat' dir='ltr'><strong>non</strong></span> <span class='ocrx_word' id='word_1_226' title='bbox 1090 3884 1198 3945; x_wconf 91' lang='lat' dir='ltr'><strong>dubito</strong></span> <span class='ocrx_word' id='word_1_227' title='bbox 1211 3885 1289 3964; x_wconf 89' lang='lat' dir='ltr'><strong>quin</strong></span> <span class='ocrx_word' id='word_1_228' title='bbox 1302 3885 1403 3962; x_wconf 77' lang='lat' dir='ltr'><strong>legen·</strong></span> 
     </span>
     <span class='ocr_line' id='line_1_31' title="bbox 423 3991 1403 4073; baseline -0.001 -21"><span class='ocrx_word' id='word_1_229' title='bbox 423 3992 497 4054; x_wconf 89' lang='lat' dir='ltr'><strong>dum</strong></span> <span class='ocrx_word' id='word_1_230' title='bbox 515 3992 553 4052; x_wconf 90' lang='lat' dir='ltr'><strong>sit</strong></span> <span class='ocrx_word' id='word_1_231' title='bbox 571 3991 733 4069; x_wconf 68' lang='lat' dir='ltr'><strong>intricate.</strong></span> <span class='ocrx_word' id='word_1_232' title='bbox 773 3991 892 4073; x_wconf 87' lang='lat' dir='ltr'><strong>Ubique</strong></span> <span class='ocrx_word' id='word_1_233' title='bbox 918 3993 1015 4072; x_wconf 81' lang='lat' dir='ltr'><strong>e&#39;nim,</strong></span> <span class='ocrx_word' id='word_1_234' title='bbox 1041 3995 1096 4056; x_wconf 93' lang='lat' dir='ltr'><strong>ubi</strong></span> <span class='ocrx_word' id='word_1_235' title='bbox 1121 4015 1169 4056; x_wconf 90' lang='lat' dir='ltr'><strong>res</strong></span> <span class='ocrx_word' id='word_1_236' title='bbox 1185 3993 1332 4070; x_wconf 89' lang='lat' dir='ltr'><strong>traditur,</strong></span> <span class='ocrx_word' id='word_1_237' title='bbox 1350 3993 1403 4054; x_wconf 92' lang='lat' dir='ltr'><strong>mi·</strong></span> 
     </span>
     <span class='ocr_line' id='line_1_32' title="bbox 423 4094 1516 4186; baseline 0.002 -25"><span class='ocrx_word' id='word_1_238' title='bbox 423 4101 506 4162; x_wconf 89' lang='lat' dir='ltr'><strong>nime</strong></span> <span class='ocrx_word' id='word_1_239' title='bbox 525 4094 683 4180; x_wconf 85' lang='lat' dir='ltr'><strong>proditum</strong></span> <span class='ocrx_word' id='word_1_240' title='bbox 704 4105 841 4164; x_wconf 88' lang='lat' dir='ltr'><strong>invenies</strong></span> <span class='ocrx_word' id='word_1_241' title='bbox 862 4106 930 4166; x_wconf 87' lang='lat' dir='ltr'><strong>istas</strong></span> <span class='ocrx_word' id='word_1_242' title='bbox 947 4105 1091 4167; x_wconf 86' lang='lat' dir='ltr'><strong>mulieres</strong></span> <span class='ocrx_word' id='word_1_243' title='bbox 1106 4104 1290 4186; x_wconf 84' lang='lat' dir='ltr'><strong>praedixisse</strong></span> <span class='ocrx_word' id='word_1_244' title='bbox 1305 4104 1404 4166; x_wconf 88' lang='lat' dir='ltr'><strong>solen·</strong></span> <span class='ocrx_word' id='word_1_245' title='bbox 1515 4107 1516 4116; x_wconf 75' lang='grc'>’</span> 
     </span>
    </p>
   </div>
   <div class='ocr_carea' id='block_1_13' title="bbox 0 0 1573 5380">
    <p class='ocr_par' dir='ltr' id='par_1_13' title="bbox 0 0 1573 5380">
     <span class='ocr_line' id='line_1_33' title="bbox 0 0 1573 5380; baseline 0 0"><span class='ocrx_word' id='word_1_246' title='bbox 0 0 1573 5380; x_wconf 95' lang='lat' dir='ltr'><strong> </strong></span> 
     </span>
    </p>
   </div>
  </div>
 </body>
</html>
