3078 5382
598 451 635 512 17

159 659 191 723 P.
218 658 286 720 123.
304 656 349 718 Fr.
372 655 511 718 XXXVII.
540 659 588 730 ὑφ’
611 635 709 736 Ἥρας
727 659 999 741 ζηλοτυπουμένρς.]
1041 661 1099 720 lm·

117 771 227 832 rnerito
242 770 293 829 hic
307 769 350 828 Tu
364 770 623 844 ζηλοτυπουμένην.
644 777 679 828 ut
696 777 837 830 recteest
853 771 886 830 in
901 771 1099 849 editionibus,

16 871 20 882 ’
115 880 198 959 apud
214 879 356 940 Photium
369 887 400 938 et
416 877 688 953 Suidum,mutesti
703 879 736 938 in
750 883 1010 958 ζηλοτυπουμένης.
1030 881 1100 949 Cor·¹

113 990 261 1068 rigandus
292 989 395 1068 potius
436 989 616 1068 Apostolius.
681 989 977 1068 subintelligendum
1017 991 1100 1052 euim

112 1119 283 1178 pronomen
307 1103 396 1174 αὐτήν
419 1097 593 1181 (Lamiam),
613 1099 696 1178 quod
719 1099 809 1160 focile
827 1109 944 1180 repetes
960 1121 997 1162 ex
1014 1122 1099 1181 prue-

111 1209 242 1270 cedente
261 1213 359 1284 αὐτῆς.
389 1209 501 1270 Dicunt
517 1212 690 1283 ζηλοτυπεῖν
707 1233 790 1284 τινα,
807 1219 851 1288 et,
865 1210 983 1290 passivo
995 1231 1097 1289 sensu,

114 1323 350 1395 ζηλοτυποίσθαν
378 1322 434 1380 ὑπὸ
456 1323 554 1385 τονόςε
576 1339 638 1380 non
662 1339 736 1380 vero
759 1323 993 1394 ζηλοτυαοΐσθαί
1017 1345 1097 1390 τινα,

111 1449 203 1490 sensu
228 1431 336 1491 activo.
377 1429 439 1489 Hoc
459 1430 551 1490 hahet
569 1429 668 1489 Schol.
685 1429 851 1508 Aristoph.:
871 1430 950 1491 illud
965 1431 1100 1492 Eudooia

111 1543 136 1604 l.
158 1541 183 1603 'a
207 1542 248 1602 Te
273 1539 314 1602 l.:
343 1542 431 1600 ἔνθεν
457 1539 491 1620 (l.
520 1537 608 1618 ἔνθα)
632 1543 705 1614 αὐτῇ
735 1540 889 1598 συνελθὼν
917 1543 1023 1606 ὁΖττίς
1045 1545 1099 1602 οὐκ

111 1655 206 1712 ἔλαθε
232 1654 284 1726 τήν
307 1657 415 1729 Ἥραν,
439 1649 503 1724 ἥτις
531 1651 736 1723 ζηλοτυποῦσα
753 1651 803 1722 τήν
823 1657 941 1727 Λαμίαν
962 1653 998 1708 τὰ
1017 1655 1096 1729 γενό-

112 1785 188 1840 μονα
216 1767 306 1837 αὐτῆς
325 1764 412 1821 τέκνα
432 1761 533 1840 ἀνῄρει
551 1760 586 1842 (l.
605 1757 720 1840 ἀνῄρει)
739 1761 797 1822 (ἰοί,
839 1761 876 1820 In
895 1781 933 1822 eo
951 1761 1101 1842 discrepet

113 1873 213 1935 Schol.
241 1874 280 1933 ab
304 1871 456 1948 Endooiu,
481 1870 565 1951 qrrod
583 1870 660 1932 huec
684 1871 836 1932 Iunonem
852 1871 973 1932 Lamiae
989 1872 1100 1934 liberos

112 1983 301 2045 interfecisse
325 1982 430 2044 refert:
452 2001 551 2062 quum
571 1981 626 2041 ille
644 1981 683 2042 ab
703 1982 766 2061 ipsa
790 1981 892 2043 Lamia
908 1982 967 2044 hoc
984 1981 1099 2044 fectum

113 2095 237 2155 scribet.

156 2313 188 2376 Ρ.
208 2314 277 2376 124.
295 2313 342 2376 Fr.
352 2311 508 2373 xxxvltt.
550 2310 670 2370 Rectius
691 2311 815 2371 sortasse
830 2310 889 2371 hoc
907 2310 954 2371 Fr.
969 2311 1101 2374 refertur

112 2427 156 2488 ad
177 2426 332 2503 Historias,
353 2423 553 2503 indidemque
570 2422 761 2502 depromtum
780 2421 818 2481 sit
823 2468 832 2499 ,
852 2421 936 2482 unde
952 2441 1003 2500 ea,
1021 2443 1102 2503 quse

111 2537 205 2597 Duris
221 2536 260 2596 de
284 2534 492 2616 pyramidibus
509 2553 687 2593 memorasse
707 2532 820 2592 dicitur
837 2551 854 2592 s
870 2512 978 2593 Plinio.
1014 2533 1101 2594 Cous.

110 2667 145 2726 p.
164 2645 215 2707 83.
244 2645 357 2705 Eadem
373 2645 457 2703 enim
475 2643 715 2721 opportunitate,
731 2662 793 2722 que
810 2661 857 2702 res
873 2643 912 2702 ub
928 2641 1101 2706 Alexandro

112 2759 150 2816 in
173 2757 309 2835 Aegypto
331 2762 427 2833 gestes
453 2751 621 2828 enarravit,
641 2751 731 2812 illurn
757 2751 850 2812 huius
874 2754 1006 2833 regionis
1023 2759 1098 2816 θαυ-

110 2869 262 2943 μαζόμενα
288 2865 426 2926 retulisse
451 2883 490 2924 ex
516 2871 647 2943 utroque
675 2851 743 2924 ioco
769 2863 935 2943 colligitur.
982 2866 1043 2927 Hoc
1068 2867 1098 2927 ei

111 2975 208 3036 morit
224 2974 315 3035 fuisso
330 2973 468 3034 indicant
485 2973 531 3034 Fr.
548 2972 658 3048 XVIII,
679 2973 758 3048 XIX,
775 2973 860 3050 XXV,
874 2974 974 3034 ΠΗ.

155 3223 188 3284 P.
209 3221 277 3284 126.
299 3221 346 3282 Fr.
364 3219 423 3281 XL.
458 3217 542 3280 said.
584 3217 771 3296 Εὐρύβατος,
797 3225 931 3298 πονηρός.
961 3223 1019 3281 ἀπὸ
1046 3234 1099 3286 τοῦ

113 3335 305 3412 πεμφθέντος
333 3333 389 3392 ὑπὸ
414 3337 548 3409 Κροίσου
572 3329 622 3388 ἐπί
649 3332 819 3408 ξενολογίαν
836 3333 909 3406 μετὰ
928 3335 1097 3410 χρημάτων,

113 3449 153 3512 ὥς
176 3467 266 3520 φησιν
289 3446 433 3521 Ἔφορος,
457 3437 522 3500 εἶτα
540 3441 795 3518 μεταβαλλομένου
808 3445 880 3521 πρὸς
895 3451 1005 3522 Κῦρον.
1038 3437 1098 3504 Ἠν

114 3555 149 3616 di
177 3555 330 3629 Ἐφέσιος.
374 3557 410 3611 Οἱ
437 3551 470 3611 di
495 3554 545 3611 τὸν
582 3554 726 3629 Κέρνωσα
751 3555 801 3612 τὸν
838 3553 949 3632 ἕτερον.
993 3559 1095 3615 Διότι·

115 3689 170 3742 μος
195 3665 375 3743 Ἡρακλέους
398 3661 516 3727 ἄλλοις.
1051 3649 1057 3660 ’

146 3897 290 3965 Κίρκασές
309 3915 351 3946 τοι
367 3893 410 3962 (θ’
426 3894 452 3944 οἳ
472 3891 567 3960 Bergk.)
583 3892 672 3944 πολλὰ
687 3893 757 3944 κατὰ
773 3891 899 3962 τριόδους
918 3893 1068 3950 πατίοντες

145 3995 271 4048 Βοιωτῶν
291 3985 406 4047 σίνοντο·
426 3994 502 4060 γένος
521 3989 613 4044 δ’ίσαν
629 3991 776 4061 Οίχαλιῆτς

145 4089 234 4154 ’.λλλος
252 4095 279 4146 τ’
297 4093 463 4164 Εὐρίβατός
481 4111 529 4154 τε,
550 4092 606 4142 δύο)
623 4091 827 4160 βαρυδαίμονος
841 4087 949 4158 ἄνδρες.

163 4177 165 4182 ¹
983 4185 1003 4246 2
