3078 5382
638 1015 1031 1086 umcanarwltclu
1051 1014 1164 1084 Pla.

827 1255 982 1280 ψ

450 1444 677 1506 Observationes
694 1461 776 1502 meaa
790 1444 824 1501 in
840 1441 987 1506 Duridem
1003 1443 1186 1506 comitentur
1202 1443 1390 1507 emendatio·
1500 1467 1501 1518 p

408 1575 461 1616 nce
483 1554 578 1632 duae,
602 1573 681 1634 quae
704 1553 882 1634 nuperrime
903 1553 938 1612 in
961 1563 1095 1614 mentem
1114 1574 1241 1616 venere:
1259 1575 1390 1635 quarum
1500 1531 1501 1566 ³

409 1666 503 1727 altera
530 1673 644 1745 spectat
667 1665 894 1744 inscriptionem
916 1663 1064 1742 Atticam,
1087 1663 1181 1726 altera
1196 1663 1391 1745 impeditiaai-
1500 1751 1501 1762 ἵ

407 1796 493 1838 mum
510 1776 615 1838 Alcaei
633 1794 761 1836 veram.

884 1977 910 2039 Ι.

447 2199 703 2262 Wordaworthiua
734 2199 768 2258 in
799 2199 879 2260 libro
912 2199 1134 2278 elegantissimo
1165 2209 1196 2259 et
1230 2201 1388 2264 utilissimo
1500 2235 1501 2248 κ

409 2313 523 2375 Artem
537 2311 709 2373 ooalAttico
722 2331 753 2390 p.
764 2309 832 2371 180.
847 2308 909 2392 (ed.
928 2308 971 2390 2.)
979 2309 1103 2370 exhibet
1119 2311 1243 2371 titulum
1258 2331 1276 2371 a
1290 2332 1321 2372 ae
1338 2332 1389 2373 re·
1500 2293 1501 2340 ἦ

405 2432 526 2504 partum
539 2424 572 2482 in
585 2422 747 2482 ruderibus
761 2420 890 2481 aedilicii
905 2441 968 2480 nou
982 2421 1074 2499 longe
1088 2421 1227 2482 aTheseo
1241 2421 1387 2484 distantia.
1500 2479 1501 2494 ,

405 2537 488 2610 Quae
505 2533 670 2594 etiamtunc
687 2531 749 2609 legi
763 2539 917 2610 poterant,
936 2531 1012 2591 haec
1027 2551 1088 2592 ease
1104 2531 1193 2592 dicit:

405 2724 452 2776 ΟΥ
473 2721 578 2776 ΤΛΔΕ
600 2723 679 2776 &EA
698 2722 861 2775 ΙΜΕΛΗΣ
881 2721 1084 2774 ΑΜΦῙΟΝΙΣ
1103 2723 1162 2776 HP
1164 2758 1319 2778 ........

455 2831 557 2886 OYAll
578 2832 847 2884 ΚΥΚΛΩΠΕΙΑΣ
866 2834 1015 2886 ΧΕΙΡΟΣ
1034 2833 1089 2885 ΕΛ
1097 2869 1232 2888 .......

403 3024 486 3099 Quae
513 3021 644 3083 feliciter
661 3021 720 3083 hoc
746 3022 837 3083 modo
853 3023 1001 3084 restituit:
1024 3023 1170 3103 ΗΡ[ΑΊὈ
1186 3024 1335 3104 ΜΟΥΣΛ]
1354 3033 1386 3084 et

403 3141 458 3192 ΕΛ
474 3131 597 3212 [Ami
613 3133 716 3214 ΒΙΛ],
737 3135 905 3213 vertitque:

592 3318 638 3367 Nor
654 3317 781 3386 Cyclopem
798 3317 861 3367 haud
877 3318 937 3367 with
953 3316 1035 3367 labcur
1050 3327 1128 3386 strong

591 3417 646 3466 Thia
662 3417 710 3484 pile
727 3415 769 3466 did
784 3434 858 3480 rarae,
876 3434 918 3466 nor
934 3417 1088 3484 Amphioniau
1104 3433 1168 3483 song.

403 3603 426 3662 l]
453 3601 565 3682 quibua
590 3602 772 3681 intelligitur
799 3603 901 3666 virum
929 3603 1152 3683 sagacissimum
1179 3603 1291 3664 intacta
1316 3603 1385 3663 reli·

402 3715 502 3796 quisae
528 3721 607 3773 θΕΑ
632 3723 806 3776 ΙΜΕΛΗΣ.
848 3716 970 3776 Lacuna
991 3715 1024 3774 in
1042 3713 1222 3775 mediolroc
1239 3712 1385 3774 vocabulo

403 3825 486 3906 (nam
514 3845 612 3886 unum
637 3846 699 3886 esse
723 3846 793 3886 mor
818 3823 986 3906 apparebit)
1015 3825 1099 3886 facili
1123 3824 1245 3902 negotio
1269 3821 1384 3902 expleri

403 3944 500 4014 potest
520 3925 694 4015 interposita
717 3937 806 3996 litera
824 3943 864 3998 Ξ.·
884 3957 945 4015 quo
961 3936 1041 3996 sacto
1061 3934 1185 3996 habebis
1202 3933 1385 3994 vocabulum

405 4048 597 4122 θελξιμέλης,
610 4059 700 4108 contu
717 4047 869 4125 alliciam
886 4039 983 4126 quod,
1002 4063 1186 4126 quamquam
1214 4043 1296 4124 apud
1318 4041 1385 4104 scri·

403 4163 502 4234 ptores
518 4156 648 4233 optimae
671 4159 773 4218 aetatis
791 4157 913 4218 fortasse
929 4157 1040 4217 frustra
1057 4173 1184 4235 quaeras
1189 4201 1198 4232 ,
1209 4163 1311 4216 tamen
1320 4152 1385 4213 satia
1443 4239 1447 4244 Ι
