3078 5382
865 479 904 542 22

399 686 605 748 llomauorum
627 684 761 766 potuerit
777 684 905 746 iniioere
921 683 1115 748 mentionem
1157 685 1258 758 Quum
1274 684 1341 761 hio,
1358 685 1384 748 ai

397 799 530 858 Annales
548 796 717 858 Samiorum
735 795 880 874 exeipiae,
900 813 935 855 eo
953 794 1086 856 manime
1101 793 1158 856 eibi
1169 794 1384 872 perscribenda

398 909 555 984 sumserit,
584 927 664 987 quae
682 927 735 966 sua
761 913 858 966 aelate
881 904 1075 980 aoeidieeent,
1096 905 1265 985 eompoeuit
1289 904 1380 983 eiiam

399 1039 475 1099 opus
498 1022 534 1078 τὰ
560 1027 628 1097 περι
648 1019 835 1098 Λγαθοιιὲιι
859 1015 1048 1094 inscriptum.
1088 1011 1283 1093 Agathocles,
1299 1015 1381 1094 Syra·

320 1165 324 1171 -
397 1149 539 1190 omarum
558 1137 707 1208 tyrannus
723 1125 943 1208 (tlt-osea
962 1124 1022 1204 C.,)
1041 1124 1177 1190 multa
1154 1144 1220 1190 eune
1239 1123 1357 1190 dubio
1348 1145 1380 1188 ιιι

396 1259 507 1318 magna
529 1239 656 1300 Graecia
678 1237 784 1316 genuit,
806 1255 886 1316 quae
908 1235 1015 1298 Doridi
1038 1253 1139 1300 aunem
1160 1235 1306 1314 praebere
1323 1253 1381 1313 po-

395 1358 540 1430 tuerunt,
562 1358 596 1410 ιι
617 1349 657 1410 de
673 1349 778 1410 ltaliae
796 1345 970 1411 conditione
989 1355 1080 1426 etque
1098 1345 1207 1412 innoti·
1223 1345 1380 1410 dionant

365 1441 368 1448 ’
395 1459 494 1543 (Diod.
511 1461 568 1522 Sio.
591 1459 729 1538 Exoerpt.
747 1459 780 1520 L.
796 1457 861 1520 XXI
879 1455 1001 1539 panim)
1019 1457 1229 1536 Romanosque
1251 1475 1379 1522 eommo-

391 1579 541 1648 ιιιοιιιιι,
570 1572 625 1650 qui
652 1571 707 1630 illo
731 1577 877 1648 regnante
904 1589 976 1632 eum
1002 1567 1139 1635 finitimis
1163 1568 1283 1652 pepulit
1309 1587 1378 1632 eon

393 1681 560 1744 ssietahant.
601 1681 790 1760 Quapropter
815 1679 959 1743 nudaoion
979 1679 1041 1757 egil
1057 1679 1220 1746 Wetlorm
1238 1679 1278 1744 oti
1297 1677 1376 1744 Vm·

392 1793 429 1853 lt.
447 1791 482 1853 G.
500 1812 531 1872 p.
552 1791 619 1858 132.
637 1799 700 1858 not.
718 1790 769 1852 20.
790 1790 849 1850 hoo
869 1790 916 1852 Fr.
934 1789 1334 1856 buntianaureomoni.
1348 1808 1376 1854 ιι.

392 1901 529 1962 ιιίιιοιὶἰι
545 1899 702 1963 vindicans
708 1917 863 1978 ,quorum
879 1907 1111 1980 argumentum,
1128 1919 1315 1980 quamquam
1331 1919 1377 1966 ιιι·

389 2011 461 2071 dem
486 2019 621 2090 tempora
648 2018 800 2090 openiens,
830 2018 931 2110 tamen
958 2011 1078 2089 longine
1100 2020 1253 2074 remotum
1274 2019 1320 2075 eu
1341 2011 1379 2076 ab

390 2121 444 2196 iio,
462 2140 542 2200 quae
559 2121 617 2181 lroo
635 2121 681 2182 Fr.
696 2121 901 2182 eontinentur.
928 2119 997 2184 Alia
1013 2123 1149 2204 quamtio
1165 2131 1225 2198 eet,
1241 2122 1317 2201 quid
1333 2122 1380 2188 rei

390 2232 447 2308 eit,
465 2252 522 2292 nur
539 2231 598 2296 hoo
614 2233 709 2311 magia
728 2240 864 2312 tempore
880 2251 971 2312 qoam
987 2240 1058 2296 ιιιι
1076 2232 1280 2298 Romanorum
1298 2233 1379 2296 fama

309 2397 310 2400 ,
389 2363 445 2424 por
468 2344 625 2404 Graeoinm
648 2343 868 2422 percrebuerit.
908 2342 1031 2422 Scripsit
1053 2343 1130 2406 haee
1150 2341 1273 2408 foruna
1289 2343 1379 2408 Dorio

389 2463 457 2533 poet
482 2475 597 2514 annum
622 2473 650 2514 a.
669 2453 700 2514 C.
717 2453 816 2516 275.
807 2475 828 2514 ι.
846 2473 874 2515 e.
891 2461 957 2532 poet
972 2453 1088 2518 bellum
1107 2473 1125 2516 n
1141 2453 1257 2534 Pyrrho
1273 2462 1378 2518 eontra

388 2565 538 2626 Romanos
562 2571 681 2644 gestum
707 2561 904 2647 (280-275).
947 2564 1009 2626 Neo
1036 2565 1118 2626 enim
1144 2564 1258 2628 minum
1285 2565 1377 2628 huiue

389 2676 467 2740 belli
492 2677 604 2736 lamam
629 2677 689 2736 iam
714 2683 835 2738 mature
858 2675 896 2736 ad
914 2675 1048 2754 reliqum
1066 2675 1195 2740 Graeooe
1208 2696 1374 2740 ernenaeee:

389 2783 566 2866 praesertim
591 2805 688 2864 quum
713 2784 885 2860 Tarentini,
911 2793 942 2844 et
967 2785 1025 2862 ipsi
1051 2785 1176 2862 Graeei,
1204 2786 1234 2847 ei
1255 2806 1375 2848 oausam

390 2895 596 2975 praehuerint.
636 2893 767 2954 Fortuna
794 2894 834 2953 ab
856 2913 893 2954 eo
914 2894 986 2956 inde
1010 2901 1146 2978 tempore
1168 2895 1261 2978 paulo
1283 2913 1376 2958 aonu-

364 3031 366 3034 ·
389 3007 485 3066 ratior
509 3005 714 3068 Romanorum
739 3004 820 3084 apud
843 3005 970 3068 Graecos
989 3005 1107 3067 notitia.
1150 3005 1377 3084 antiquissimos

390 3117 516 3177 illorum
538 3136 586 3176 rea
606 3115 729 3177 Iluridia
750 3123 848 3178 aetate
867 3137 976 3196 purum
995 3115 1163 3194 exploratae
1179 3115 1269 3182 foisse
1286 3115 1377 3180 orna-

394 3227 453 3303 oie,
474 3234 599 3288 testatur
622 3226 669 3288 Fr.
691 3227 806 3288 XXXIX
813 3252 822 3304 ;
846 3226 927 3288 unde
946 3226 1130 3306 intelligitur
1153 3225 1204 3290 rel
1223 3225 1377 3290 notissima

396 3337 450 3396 illa
464 3336 503 3396 de
511 3337 624 3398 Cloelia
638 3337 772 3402 Samium
787 3344 920 3398 nootrunr
931 3356 1052 3416 proroua
1066 3336 1196 3402 latuisse.
1215 3335 1376 3404 sinautem

394 3447 537 3506 universe
559 3447 598 3506 de
618 3445 742 3508 historia
759 3455 803 3508 eet
819 3447 1026 3512 statuendum:
1047 3455 1112 3512 ιιιιιι
1131 3447 1254 3512 demum
1272 3447 1307 3512 in
1323 3467 1375 3526 po·

392 3557 537 3636 pulorum
563 3575 612 3616 ιιι
637 3557 763 3636 inquiri·
777 3574 946 3636 eorumque
966 3557 1029 3622 lala
1051 3559 1163 3636 ooniplo
1178 3557 1317 3622 mandari
1332 3577 1375 3618 ao·

392 3667 473 3745 lore,
506 3687 604 3748 quum
629 3667 663 3728 hi
688 3669 750 3728 eive
774 3668 814 3730 ab
837 3676 957 3731 anelare
987 3669 1168 3748 polentiam,
1196 3668 1259 3732 aire
1284 3667 1374 3733 aliam

393 3779 622 3841 memorabilem
649 3779 689 3845 ob
713 3799 832 3843 oausam
855 3779 963 3842 ueteris
986 3779 1081 3860 inagis
1097 3779 1188 3844 eultio
1203 3778 1376 3844 nationibus

394 3890 605 3952 innotuerunt.
646 3891 722 3950 ltine
743 3889 966 3968 antiquissimae
981 3889 1165 3968 populorum
1180 3909 1228 3953 reo
1244 3887 1376 3951 tenebris

395 3998 551 4059 involutae
575 4008 606 4060 et
632 4001 822 4064 obscurano:
852 3999 935 4080 quod
960 3999 1035 4064 indo
1056 4008 1175 4067 ortum.
1204 3999 1289 4078 quod
1310 4005 1376 4078 poet

396 4110 502 4188 ingens
517 4109 640 4173 demum
658 4113 802 4191 temporie
818 4112 964 4192 spolium,
984 4131 1078 4192 quem
1094 4111 1177 4190 ipsae
1193 4129 1242 4174 ree
1258 4107 1373 4174 aonide-
