3078 5382
437 678 604 754 Νίκανδρος
615 679 753 754 Αλρλνεον
767 669 936 754 (Αἰγιναῖον
954 667 1136 749 Hemsterh.)
1155 670 1330 748 Εὐρύβατον
1350 689 1421 736 παν.

437 789 620 866 ουργότατον·
648 777 683 846 οὗ
705 788 881 860 μνημονεύει
900 780 1107 858 Ἀριστοτέλης
1126 779 1158 838 έν
1175 784 1202 837 α’
1220 785 1289 859 ιτερλ
1306 783 1422 842 δικαιο.

437 903 537 971 Writ-
577 901 689 974 Δοῦρις
718 891 752 954 δέ
780 891 812 952 έν
841 893 867 950 δ’
889 895 951 950 Τῶν
975 895 1044 969 περὶ
1071 885 1264 969 Ἀγαθοκλέα
1287 891 1346 952 ἀπὸ
1370 901 1425 954 τοῦ
1534 885 1535 904 ³

435 1009 597 1074 Ὀδυσσέος
613 1007 743 1085 ἕταλρου.

477 1122 625 1195 Διότιμος
648 1115 830 1195 Ἡρακλέους
856 1111 993 1192 ἄθλοις]
1039 1110 1147 1172 Tolum
1171 1111 1275 1173 locum
1305 1131 1425 1176 merno-
1534 1133 1535 1138 ¹

435 1229 501 1290 ravi
542 1227 582 1288 ad
621 1225 785 1286 notandam
827 1223 978 1302 insignem
1016 1221 1161 1282 Ditntrari
1206 1223 1424 1302 negligentiam

434 1340 534 1400 dicam
555 1357 595 1398 an
612 1338 767 1415 όνρισλαν,
790 1335 859 1414 qui,
880 1333 912 1392 in
929 1332 1023 1392 libro:
1044 1333 1099 1392 Dis
1115 1333 1234 1412 Fragm.
1252 1335 1283 1396 d.
1302 1333 1423 1413 Episcb.
1534 1327 1535 1392 ζ

434 1450 517 1510 Pces.
539 1449 570 1509 d.
589 1447 710 1508 Griaoh.
727 1465 758 1525 p.
778 1444 827 1506 50.
845 1443 886 1506 dc
902 1442 1032 1504 Dictimo
1050 1461 1158 1522 agens,
1179 1443 1263 1504 bisce
1280 1443 1422 1523 deiungi-

433 1567 499 1620 tur:
529 1557 707 1621 »Amantes
729 1555 872 1619 bemerkl
896 1554 988 1630 tttfl,
1015 1552 1085 1615 603.
1109 1554 1157 1616 (1.3
1174 1559 1321 1632 Διότιμος
1339 1559 1367 1614 δ’
1388 1557 1424 1614 ἐν
1534 1543 1535 1570 ⁴

435 1677 496 1746 »τῇ
514 1671 680 1748 Ἡρακλελᾳ
697 1668 859 1746 Εὐρυσθέα
875 1671 967 1740 φησὶν
986 1666 1167 1744 Ἡρακλέους
1186 1668 1329 1746 γενέσθαι
1350 1686 1419 1725 παι·

434 1783 543 1848 υὸικό,
565 1782 671 1858 διόπερ
691 1785 742 1838 καὶ
765 1783 834 1846 τούς
851 1776 965 1841 ἄθλους
985 1778 1154 1854 ὑπομεῖναι.
1195 1776 1272 1837 Sehr
1290 1777 1422 1838 tweisel·
1534 1829 1535 1832 ,

433 1890 525 1951 »hott
546 1890 585 1950 ist
608 1897 651 1950 est
658 1933 667 1963 ,
688 1889 727 1948 ob
746 1887 829 1949 disse
846 1889 1012 1964 Ἡρακλελα
1030 1887 1082 1946 ein
1101 1886 1231 1948 Gadimt
1248 1891 1421 1966 gawescn.’'
1534 1887 1535 1934 l

432 2001 490 2069 sad
515 1999 701 2060 dubitationi
728 1999 832 2058 nullus
856 1997 960 2060 inisset
977 1997 1077 2074 locus,
1100 1998 1139 2074 si,
1156 1997 1292 2078 inspecto
1310 1999 1420 2076 Snida,

431 2107 466 2169 hi
482 2109 604 2171 Diolimi
620 2129 723 2170 versus
740 2108 890 2169 Dfintucro
907 2108 1117 2170 innotuissent.
1152 2109 1228 2170 Nam
1254 2113 1422 2191 Ἡρακλεία
1534 2131 1535 2166 3

431 2227 463 2280 et
490 2221 671 2298 Ἡρακλέους
698 2209 792 2278 letos
811 2219 934 2280 nomine
958 2226 1077 2279 tanturn
1100 2218 1261 2280 differunt:
1280 2223 1419 2300 quamvis
1534 2267 1535 2292 .

430 2331 489 2394 hcc
512 2332 642 2392 arctiore
664 2330 787 2392 sortasse
809 2351 898 2390 sensu
919 2329 958 2390 sit
980 2329 1107 2391 dictum.
1149 2333 1314 2410 Ἡρακλεία
1335 2333 1419 2394 enim

431 2443 540 2504 codam
567 2441 658 2504 modo
685 2441 815 2517 dicitur,
838 2461 901 2520 qno
919 2443 1093 2509 Ὀδυσοελα,
1114 2459 1207 2522 quam
1226 2444 1296 2522 quis
1311 2444 1421 2506 οοόοαι

431 2553 513 2628 iuro,
544 2552 598 2614 scd
628 2553 813 2628 accuratius,
846 2554 1008 2618 Ὀδυσσέος
1038 2557 1144 2614 κόστου
1178 2573 1287 2616 vocare
1316 2555 1420 2634 possit.
1534 2531 1535 2594 1

431 2663 499 2726 Fuit
523 2664 618 2742 igitur
644 2663 769 2726 Dictimi
796 2663 940 2724 Heraclea
965 2663 1030 2724 sins
1056 2663 1153 2725 dubio
1177 2683 1295 2726 αουκιειι
1322 2666 1420 2746 idque
1534 2663 1535 2720 l

432 2775 554 2852 opicum
564 2819 573 2850 ‚
594 2772 667 2834 licet
682 2774 715 2834 id
733 2774 772 2834 ab
789 2772 944 2834 Athenaeo
962 2793 1024 2834 non
1043 2773 1154 2835 diserta
1172 2775 1336 2838 indicetur.
1363 2775 1420 2837 Vo-
1534 2819 1535 2862 ρ

433 2884 578 2944 nabulum
596 2891 696 2958 φησιν,
716 2903 779 2963 quo
794 2884 847 2944 hio
864 2884 962 2944 utitur
980 2883 1019 2946 do
1035 2884 1184 2964 Dictimo,
1204 2894 1236 2948 ot
1251 2895 1370 2966 poetam
1386 2897 1420 2950 ct
1534 2907 1535 2926 ³

431 2997 546 3058 solutae
564 2995 707 3058 orationis
723 2995 901 3075 scriptorem
918 3003 1053 3074 spectare
1067 3003 1173 3076 potest.
1198 2995 1311 3058 Eodem
1327 2997 1420 3058 modo
1534 3013 1535 3092 ρ

431 3107 560 3167 labentis
586 3106 756 3186 graecitatis
782 3105 940 3184 scriptores
964 3105 1003 3166 do
1030 3107 1125 3186 postis
1151 3115 1297 3186 usurpant
1323 3107 1418 3168 verba
1534 3191 1535 3194 ρ

433 3224 565 3296 ἱστορεῖν
586 3225 617 3278 et
628 3221 762 3298 γράφειν.
780 3216 879 3280 schol.
896 3215 996 3298 Apoll.
1014 3215 1073 3278 Rh.
1092 3217 1123 3294 I,
1143 3217 1237 3282 1357:
1257 3222 1415 3278 Κιναίθων
1534 3197 1535 3274 1

317 3377 320 3384 .
434 3334 550 3408 ἱστορεῖ
564 3330 595 3388 έν
614 3309 805 3407 Ἷῖέρακλεέρι.ι
828 3328 954 3390 Pausan.
972 3328 1003 3388 II
1012 3373 1021 3404 ,
1040 3327 1087 3390 18.
1096 3331 1126 3390 ὅ.
1144 3338 1214 3388 Κιν.
1236 3330 1361 3408 ἔγραψεν
1383 3329 1415 3387 ἐν

433 3443 547 3500 ἔντεσιν.
589 3439 699 3500 Contra
725 3439 765 3500 de
788 3438 903 3499 solutae
928 3439 1071 3500 orationis
1086 3439 1281 3518 scriptoribus
1299 3439 1417 3499 Tretrss
1534 3441 1535 3514 ζ

432 3571 495 3614 non
511 3550 626 3612 veritus
641 3557 685 3610 est
701 3549 803 3610 dicere
820 3549 945 3610 ἀελδειν.
987 3548 1076 3612 Vidd.
1093 3569 1173 3628 quae
1190 3547 1230 3610 dc
1247 3549 1306 3610 hoc
1322 3548 1416 3609 verbo
1534 3575 1535 3592 .

432 3661 642 3722 annotavimus
663 3679 754 3740 supra
768 3659 807 3720 ad
825 3659 873 3721 Fr.
890 3660 940 3722 Xl.
959 3659 1083 3720 ltiotimi
1101 3659 1217 3740 igitur,
1236 3679 1312 3740 quos
1334 3666 1413 3718 retu·

431 3774 540 3848 limus,
566 3790 684 3848 torsus,
711 3771 776 3831 cius
799 3770 976 3849 fragmentis
1005 3770 1129 3830 omnino
1154 3777 1226 3830 sunt
1251 3767 1413 3829 inserendi.

432 3881 761 3965 DcCercopibusconff.
777 3880 907 3942 Lobeck.
923 3880 1069 3962 Aglaoph.
1079 3901 1109 3962 p.
1121 3877 1209 3942 1296.
1223 3898 1287 3959 sqq.
1306 3877 1411 3956 Bergk.

432 3994 546 4055 Comm.
563 3993 601 4053 dc
616 3993 697 4055 Com.
716 3991 807 4052 Attio.
826 3991 919 4070 antiq.
933 4010 962 4071 p.
976 3991 1025 4054 24.
1042 4011 1107 4072 sqq.
1149 3989 1278 4052 Moinek.
1297 3988 1411 4066 Fragm.
1534 4009 1535 4044 t

432 4105 513 4165 Corn.
531 4105 623 4183 antiq.
640 4103 675 4167 V.
692 4104 717 4166 1.
737 4123 766 4182 p.
782 4102 834 4164 24.
850 4122 894 4182 sq.
