3078 5382
891 515 930 575 ³0

415 724 538 786 additur
563 726 581 784 o
602 724 816 804 γραμματικῶς
841 719 919 783 ibid.
944 737 974 780 v.
999 721 1205 798 Σνρβᾰβντια.
1252 722 1400 802 scrupulo

413 835 473 896 hoo
489 833 579 896 modo
596 835 714 896 sublato
727 853 791 896 non
805 849 880 914 opus
895 841 954 910 ost,
970 839 1006 892 nt
1018 829 1246 892 Westermsnni
1261 833 1399 914 opinioni

412 946 592 1008 secedamus
604 946 700 1008 alium
717 941 862 1007 Doridem
886 943 1057 1022 steterentin
1076 957 1147 1003 nrm
1164 941 1339 1022 commode,
1360 945 1399 1008 do

411 1073 474 1138 qno
496 1075 580 1119 nuno
605 1075 707 1119 sermo
731 1065 792 1134 est,
812 1054 943 1116 Buridis.
955 1054 1041 1114 loeus
1062 1052 1171 1113 referri
1189 1055 1338 1132 potestati
1356 1055 1399 1116 li-

410 1169 501 1229 brum
525 1175 594 1248 περὶ
617 1172 800 1250 Τραγῳδίας,
823 1165 907 1226 onds
931 1165 1125 1245 depr-omium
1149 1172 1193 1224 est
1210 1164 1258 1226 Fr.
1277 1161 1395 1244 exitu,

409 1279 517 1340 itidem
543 1280 780 1340 instrumentum
805 1277 957 1338 musicum
981 1273 1132 1357 (μάγαδιν)
1156 1273 1301 1354 speotons.
1343 1273 1396 1337 Eo

410 1389 481 1450 dem
499 1409 623 1470 quoque
638 1388 878 1470 reseramhqune
894 1386 1016 1446 Doridis
1032 1387 1210 1448 anctoritate
1223 1387 1262 1446 de
1276 1387 1396 1466 origine

409 1499 551 1560 vocabuli
570 1504 709 1578 Κιθαρος
729 1497 823 1558 tradit
839 1491 982 1578 Etymii.
993 1497 1026 1556 in
1043 1515 1074 1558 v.
1092 1493 1160 1558 vid.
1169 1495 1216 1557 rr.
1225 1515 1395 1559 unns.-

410 1607 488 1670 Com
513 1609 573 1670 hoo
588 1609 745 1688 Lexiooffr.
759 1609 883 1687 Segusr.
901 1607 969 1668 1000
982 1605 1183 1668 conferendus
1197 1614 1242 1667 ost
1254 1607 1349 1687 Etym.
1364 1625 1392 1668 v.

408 1724 564 1800 'Actissej
577 1720 761 1782 ubiiortasso
772 1722 991 1798 prorptxoptior
1005 1718 1172 1799 legendum
1185 1725 1391 1798 atsptyovor:

408 1835 491 1893 corte
506 1832 584 1892 altor
597 1847 636 1891 ex
650 1830 745 1892 altero
757 1827 975 1891 emendandus,
1097 1869 1101 1878 ·

460 2100 503 2168 Et
523 2095 613 2169 haec
632 2093 780 2192 quidem
799 2091 942 2193 potiora
957 2105 1042 2163 sunt
1060 2097 1103 2164 D.
1121 2089 1170 2164 V!
1195 2115 1289 2190 quae
1306 2107 1389 2192 post

412 2219 699 2320 diligentissimos
725 2223 818 2298 Tuas
842 2221 880 2290 in
900 2218 1073 2292 Doridem
1092 2243 1196 2291 curas
1216 2218 1306 2290 mihi
1322 2219 1388 2292 οὔ·

411 2349 584 2424 servanda
605 2362 828 2448 supererant.
877 2347 1028 2444 Reliqua
1048 2360 1111 2420 aut
1132 2351 1282 2419 minoris
1302 2361 1387 2420 sunt

401 2479 586 2548 *momenti
612 2479 735 2548 autin
766 2473 874 2546 rebus
902 2473 1003 2546 valde
1024 2477 1171 2545 incertis
1187 2489 1387 2546 versantur.
1514 2481 1515 2574 J

408 2605 481 2692 stc,
506 2616 548 2674 ut
575 2601 647 2674 hoc
673 2615 773 2690 utor,
799 2603 941 2699 scripsit
959 2604 1068 2672 Duris
1087 2605 1387 2672 commentarium

409 2725 491 2826 περὶ
529 2725 772 2827 Τραγῳδίαςε
809 2729 854 2800 de
888 2731 990 2799 cuius
1026 2729 1232 2827 scriptionis
1265 2726 1386 2800 indole

408 2877 629 2952 quamquam
659 2861 749 2926 certi
775 2853 864 2952 quid
881 2864 1038 2926 statuere
1055 2878 1129 2925 non
1150 2849 1246 2943 licet,
1265 2867 1386 2925 tamen

408 2985 486 3056 iure
512 2979 670 3056 dubitari
690 2986 822 3082 possit,
847 3006 936 3052 num
955 2973 1049 3052 forte
1065 2994 1203 3080 partem
1222 2977 1385 3050 effecerit

406 3110 612 3210 prolixioris
631 3114 750 3210 operis
767 3110 849 3208 περὶ
864 3105 1054 3208 Ἀγώνωνε
1074 3111 1111 3179 in
1143 3132 1218 3204 quo
1239 3106 1284 3178 de
1299 3112 1386 3180 Tra·

407 3235 554 3333 goedia,
578 3261 672 3334 quae
692 3252 739 3318 et¹
750 3242 826 3337 ipsa
841 3237 950 3336 ἄγων
965 3259 1079 3334 eaque
1094 3235 1383 3331 mesenbrian,

405 3377 615 3462 opportune
632 3385 739 3460 agere
758 3368 878 3464 potuit
895 3379 1033 3438 auctor.
1081 3367 1125 3434 Et
1142 3378 1282 3435 contra:
1302 3367 1385 3459 quis

404 3490 516 3579 diest,
547 3511 593 3562 an
628 3511 705 3562 non
738 3492 783 3564 ro
806 3491 889 3590 περὶ
906 3490 1146 3589 Ζωγραφίας
1164 3503 1200 3562 et
1225 3489 1271 3563 τὸ
1301 3489 1385 3589 περὶ

410 3619 650 3714 Τορευτικῆς,
678 3615 912 3716 (quamquam
930 3615 998 3690 hae
1013 3615 1138 3689 affines
1151 3631 1246 3690 artes
1265 3617 1382 3714 sunt),

405 3743 498 3815 aTe
522 3741 568 3816 ad
596 3734 712 3815 unum¹
746 3739 915 3842 idemque
951 3769 1043 3844 opus
1080 3743 1203 3842 relata,
1230 3743 1382 3818 totidem

406 3865 542 3942 diversa
558 3869 702 3943 Doridis
718 3865 851 3943 fuerint
867 3872 1176 3972 συγγράμματαΡ
1199 3877 1380 3970 Denique,

406 4009 447 4066 ut
462 3994 522 4068 hic
539 3995 650 4070 finem
659 4002 868 4098 imponam,
879 3999 935 4072 vel
950 4005 988 4072 in
1008 4015 1080 4074 tam
1096 4001 1220 4074 laceris
1235 3998 1382 4072 Durrilis
1513 4011 1514 4089 t

406 4119 567 4216 reliquiis
596 4123 820 4198 luculentum
851 4128 1037 4200 intuemur
1069 4130 1251 4224 specimen
1275 4127 1380 4200 disci·
