3078 5382
649 497 690 560 25

220 700 253 769 Ρ.
277 703 343 766 160.
370 705 417 766 Fr.
440 703 499 767 LX.
518 706 557 763 ‘oi
581 701 628 772 dd,
651 703 760 762 dts'-
780 703 943 786 Σαμαίνῃ]
988 703 1038 766 llis
1063 707 1163 769 vorbi!

176 792 350 876 continetur
366 815 413 876 l'r.
430 813 566 902 Doridis,
587 833 650 893 quo
663 814 831 893 pertinent:
850 819 884 875 τὸ
899 815 933 875 δὲ
950 821 1070 894 πλάσμα
1081 825 1158 880 Aou'⁴

177 928 270 1004 ριδας.
313 925 434 987 Molesta
457 925 511 984 illa
529 925 631 984 stau
648 957 689 970 -
706 929 844 994 Νόστων,
866 927 947 986 mala
967 927 1089 988 fortuna
1109 927 1187 1012 hic·

175 1033 310 1112 intrusa,
338 1055 453 1096 nexum
478 1033 623 1114 frangunt
648 1042 680 1094 et
704 1035 808 1095 locum
831 1037 994 1098 obscurum
1016 1037 1161 1099 reddunt.

175 1145 338 1224 Berghius,
360 1147 416 1226 qui
430 1145 506 1206 haec
521 1144 643 1204 Doridis
659 1145 760 1224 tetigit
777 1146 811 1205 in
825 1146 978 1226 Aristoph.
995 1147 1112 1226 Fragm.
1128 1167 1160 1227 p.

176 1253 228 1316 84.
245 1275 289 1335 sq.
299 1303 309 1334 ,
330 1258 409 1332 miro
428 1275 500 1318 sane
521 1255 612 1318 modo
628 1255 844 1336 corrigendum
860 1265 979 1318 censet:
999 1259 1034 1317 τὸ
1055 1256 1088 1318 δὲ
1111 1264 1159 1319 αό·

87 1347 95 1366 ’
176 1371 274 1446 λασμα
292 1376 415 1448 Δοῦρις.
459 1369 545 1429 Unde
562 1368 686 1448 colligas
707 1369 767 1429 loci
787 1369 850 1428 vim
868 1389 931 1429 non
948 1369 1028 1428 hene
1046 1387 1162 1430 assecu-

175 1486 244 1538 tum
258 1497 320 1539 esse
331 1480 434 1538 virum
447 1479 697 1540 eruditissimum.
737 1479 813 1538 llam
825 1499 888 1540 non
902 1487 987 1540 atrox
1001 1479 1055 1540 illa
1064 1497 1161 1558 poena

175 1596 386 1650 commentum
402 1587 525 1648 Duridis
544 1595 603 1664 est,
622 1587 693 1664 sed,
714 1595 749 1646 ut
765 1588 807 1648 l'u
825 1596 907 1648 recte
924 1589 1000 1649 haec
1016 1589 1161 1670 interpre-

176 1698 266 1776 taris,
293 1699 428 1778 carpitur
451 1698 554 1775 Duris,
582 1699 656 1778 quia
681 1697 1067 1778 perhibuitlristophanis
1090 1719 1162 1762 ver-

175 1825 244 1869 sum
269 1819 347 1886 Σαμ.
376 1812 404 1870 ὁ.
426 1813 614 1888 depectere
637 1817 782 1890 στίγματα
806 1810 860 1871 illa
885 1811 992 1871 Samiis
1014 1811 1053 1872 ab
1068 1809 1161 1872 Athe·

177 1917 334 1981 niensihns
347 1922 455 1982 inusta.
485 1919 565 1981 Plut.
583 1919 649 1982 Per.
666 1920 717 1982 26.
732 1919 785 1982 fin.
816 1921 912 1997 Quod,
927 1929 961 1980 ut
974 1939 1084 2000 parum
1101 1919 1162 1983 lide

174 2030 322 2111 dignum,
344 2031 517 2095 reiicitura
541 2031 648 2093 Photio
672 2039 703 2092 et
724 2037 844 2110 πλάσμα
859 2040 994 2094 vocatur.
1034 2032 1162 2094 Accedit

174 2142 253 2220 hnc,
273 2141 357 2222 quod
374 2146 508 2220 κόλασμα
516 2141 666 2202 Graecum
683 2161 745 2202 non
762 2150 824 2203 est:
846 2147 970 2210 κόλασις
984 2143 1103 2206 dicunt.

215 2301 248 2364 Ρ.
273 2303 341 2366 162.
369 2301 417 2364 Fr.
442 2302 518 2364 LXI.
544 2309 658 2380 Δοῦρις
677 2335 719 2346 -
738 2302 957 2383 ἐπιτραγῳδεῖ]
999 2301 1159 2382 Perpetem

173 2433 213 2474 ex
237 2413 296 2474 hoc
321 2415 390 2476 loco
416 2413 572 2493 colligitur
596 2412 742 2474 Doridem
768 2413 860 2474 fuisse
880 2426 1014 2494 poetam,
1035 2423 1070 2476 ut
1086 2413 1161 2475 lecit

113 2503 117 2512 ’
173 2525 275 2586 Groen
291 2545 321 2588 r.
339 2524 506 2586 Prinstercr
523 2524 563 2584 de
580 2525 743 2602 Hegemon.
759 2521 871 2586 Athen.
890 2545 920 2604 p.
937 2503 988 2586 29.
1004 2557 1044 2570 -
1061 2523 1160 2586 Verbo

166 2637 416 2720 pomtrogoedore
434 2636 533 2697 utitur
550 2635 646 2696 Plaut.
664 2634 771 2696 Pseud.
789 2635 835 2710 ll,
853 2633 881 2696 4.
903 2635 951 2726 17.

211 2805 244 2868 Ρ.
268 2806 336 2869 164.
363 2805 409 2869 Fr.
433 2805 519 2866 LXll.
543 2805 701 2888 Quiesce
724 2805 1044 2888 dicit-irridetur]
1086 2807 1160 2868 Satis

44 2969 50 2979 .
170 2917 329 2978 infirmum
356 2938 394 2978 ex
425 2917 475 2977 his
499 2915 652 2978 Ciceronis
677 2915 777 2977 verbis
807 2925 1020 2995 argumentum
1045 2917 1184 2995 petitur

171 3029 399 3090 Eratosthenem
418 3029 597 3088 nominatim
618 3027 760 3107 carpsisse
776 3027 941 3103 Doridem,
961 3026 1045 3106 quod
1062 3027 1160 3088 tradi-

172 3137 254 3198 derit
274 3137 404 3217 Eupolin
424 3137 462 3198 ab
480 3136 639 3198 Alcibiade
659 3139 692 3196 in
709 3157 794 3198 mare
812 3157 875 3197 esse
892 3137 1056 3200 deiectum.
1091 3138 1160 3200 'lloc

171 3255 293 3308 tantum
315 3245 452 3324 indicare
471 3247 594 3308 videtur
614 3247 734 3324 Cicero,
752 3245 980 3307 Eratosthenem
995 3223 1158 3326 perstrinx-

170 3360 228 3419 isse
244 3365 275 3418 et
287 3359 451 3419 correxisse
466 3357 621 3437 publicum
635 3357 824 3437 opinionem,
841 3375 934 3436 quam
948 3365 979 3418 et
991 3357 1080 3418 Duris
1093 3368 1160 3419 erat

169 3477 299 3531 secutus.
341 3467 400 3528 Sed
424 3488 462 3528 ex
478 3469 510 3530 h.
528 3469 551 3530 l.
569 3469 674 3547 colligi
690 3487 774 3548 posse
791 3467 1019 3530 Eratosthenem
1035 3469 1157 3530 Doridis

168 3579 262 3641 libros
275 3579 309 3638 in
325 3578 487 3639 consilium
503 3578 689 3656 adhibuisse,
699 3579 781 3640 ut'le
797 3581 949 3641 monuisse
965 3580 1055 3642 video
1064 3601 1094 3660 p.
1105 3581 1156 3643 50.

169 3711 202 3752 n.
211 3690 258 3766 3.,
273 3689 431 3770 equidem,
445 3688 573 3768 pignore
586 3687 697 3768 posito,
712 3690 897 3750 contendere
910 3691 1016 3752 nolim.
1045 3692 1155 3764 Quam·

167 3821 261 3882 quem
285 3802 345 3864 hoc
361 3819 418 3880 per
434 3808 563 3860 uectem
584 3799 710 3861 omnino
726 3799 877 3860 licuisset:
898 3791 970 3859 na'm
986 3797 1153 3860 Eratosthe-

167 3912 216 3972 nis
232 3911 290 3972 nisi
308 3911 434 3988 natalis,
455 3918 486 3971 at
502 3910 608 3972 saltem
623 3911 755 3990 pueritia
771 3911 805 3970 in
822 3909 945 3970 Ituridis
960 3909 1081 3970 virilem
1098 3929 1151 3971 ae-

168 4031 260 4084 tatem
287 4023 338 4083 vel
363 4031 550 4084 senectutem
577 4023 695 4085 incidit.
737 4023 792 4082 llio
815 4023 899 4082 enim
919 4019 1037 4082 audivit
1054 4021 1152 4084 Theo·

164 4125 323 4212 phrastum
333 4179 342 4210 ,
374 4134 429 4212 qui
453 4133 529 4194 obiit
561 4134 607 4194 01.
638 4133 696 4194 123
702 4179 711 4210 ,
739 4133 783 4194 2.:
817 4133 1020 4196 Eratosthenes
1048 4141 1150 4195 autem
