3078 5382
836 547 843 587 .·
919 503 939 562 2

487 705 589 794 Quae
604 725 824 801 quamquam
843 706 892 776 ita
911 717 1010 794 sunt,
1025 701 1115 778 D.V!
1128 717 1264 794 tamen,
1278 703 1413 776 Duride

312 823 314 840 '
440 854 461 902 a
487 835 538 903 Te
565 833 666 930 prius
696 828 813 921 edito,
840 827 921 902 fieri
947 855 1022 902 non
1045 834 1179 930 potuit,
1196 834 1288 928 quin
1305 831 1418 904 multa

441 981 585 1047 eorum,
609 968 703 1054 quae
721 979 789 1052 ego
809 980 906 1028 eram
930 969 1210 1047 commentatus,
1236 970 1318 1028 tuto
1337 979 1420 1055 pos·

441 1096 521 1154 sent
539 1085 672 1182 premi:
689 1085 918 1180 praesehtim,
929 1103 1045 1178 quum
1064 1085 1102 1152 in
1118 1082 1259 1172 multis,
1275 1095 1316 1154 ut
1333 1085 1419 1154 eiua

436 1207 537 1278 modi
555 1233 611 1280 res
630 1206 717 1298 fert,
733 1211 772 1278 in
789 1207 939 1280 eandem
958 1193 1034 1278 fere
1052 1211 1266 1280 sententiam
1282 1221 1419 1278 utrum·

440 1358 514 1430 que
530 1322 699 1430 nos'trum
715 1333 884 1410 incidisse
902 1333 1178 1432 comperiebam.
1218 1333 1317 1426 Quid
1336 1335 1420 1406 mul-

441 1473 497 1531 ta:
525 1461 647 1566 misso¹
671 1461 822 1532 consilio
857 1457 1037 1559 perfectae
1073 1459 1219 1533 Duridis
1255 1459 1419 1532 editionis

442 1585 685 1678 adornandae,
705 1613 747 1660 ea
765 1601 906 1660 tantum
923 1591 961 1658 in
981 1587 1108 1686 vulgus
1123 1587 1295 1686 putabam
1311 1587 1419 1660 eden·

442 1713 508 1802 da,
534 1714 668 1810 quibus
695 1737 777 1784 meo
808 1713 940 1785 labore·
963 1728 1025 1784 aut
1057 1713 1329 1812 interpretando
1358 1727 1419 1785 aut

394 1857 396 1864 ’
443 1839 670 1914 emendando
693 1839 830 1935 aliquid
855 1839 944 1910 lucis
969 1840 1129 1914 attulisse
1155 1840 1246 1910 mihi
1264 1839 1419 1914 videbar.

443 1968 545 2056 Quae
576 1990 642 2037 our
675 1969 713 2040 in
743 1965 914 2064 epistolae
939 1963 1093 2056 formam
1121 1967 1264 2040 redacta
1291 1967 1337 2040 ad
1372 1973 1420 2039 Te

442 2089 539 2164 D.V!
574 2094 802 2190 potissimum
835 2095 1035 2183 mitterem,
1064 2117 1120 2164 res
1146 2097 1223 2192 ipsa
1248 2093 1421 2190 loquitur.

324 2257 328 2268 ·
445 2221 536 2289 Sunt
564 2221 603 2288 in
628 2221 736 2302 meis,
765 2215 899 2314 quibus
932 2223 1027 2290 aTe
1064 2217 1334 2290 dissentientem
1367 2244 1424 2291 me

445 2343 711 2442 deprehendes:
727 2344 790 2416 sed
806 2343 919 2416 libera
941 2359 1025 2416 sunt
1048 2344 1179 2417 iudicia
1187 2371 1208 2435 ς,
1216 2349 1373 2444 reperies
1390 2360 1426 2418 et

445 2491 540 2565 quae
558 2483 595 2541 te
610 2468 800 2568 fugerunt:
827 2491 953 2541 verum
973 2469 1044 2540 hoo
1062 2473 1100 2540 in
1118 2470 1314 2544 tractandis
1332 2487 1427 2545 vete·

447 2619 530 2666 rum
559 2597 777 2695 scriptorum
808 2596 971 2693 reliquiis
1000 2598 1154 2686 omnino
1180 2595 1344 2670 obtinere
1362 2599 1424 2670 de-

447 2720 527 2810 bet,
544 2725 716 2793 nimirum
736 2735 778 2794 ut
794 2743 857 2798 eae
876 2745 951 2794 non
969 2721 1098 2812 semei,
1117 2721 1180 2794 ssd
1195 2725 1328 2796 iterum
1349 2747 1426 2796 mre

449 2869 585 2944 susque
614 2847 805 2944 diligenter
840 2851 1069 2920 excutiantur
1090 2862 1128 2919 et
1153 2852 1255 2945 qnasi
1277 2849 1426 2922 cribello

449 2975 634 3047 accurate
650 2988 861 3048 cernantur:
886 2969 1005 3045 donec
1036 2973 1184 3047 tandem
1211 2975 1425 3072 aliquando,

450 3095 572 3196 quoad
604 3099 641 3172 id
674 3099 755 3172 fieri
785 3100 889 3191 lieet,
917 3099 1008 3174 nihil
1040 3101 1187 3173 obscuri
1220 3105 1427 3199 perruptive

452 3227 615 3301 resideat.
665 3233 720 3300 To
739 3221 884 3300 Doridis
913 3227 1081 3320 hohern
1109 3233 1211 3326 priua
1245 3226 1425 3300 cribrasti:

452 3379 521 3452 ego
544 3367 626 3453 post
644 3359 693 3425 Te
711 3351 850 3425 faciam.
899 3359 952 3425 De
973 3354 1128 3428 residuis
1141 3355 1199 3426 alii
1215 3353 1371 3426 videant.

499 3481 567 3556 Sed
585 3468 646 3552 ne
674 3483 769 3552 iusto
801 3475 939 3552 diutins
967 3486 1018 3557 Te
1043 3482 1175 3554 tatibus
1194 3503 1330 3572 moror,
1350 3505 1427 3554 rem

452 3611 565 3707 ipsam
584 3604 779 3704 aggrediar.
828 3608 930 3696 Quae
949 3629 1017 3704 ego
1038 3609 1218 3682 monenda
1236 3606 1429 3698 habebam,

451 3731 497 3809 ad
513 3738 609 3810 Tuae
627 3731 793 3808 editionis
810 3735 956 3835 paginas
976 3739 1174 3836 composui.

870 3984 1021 4014 40⁴2>
