3078 5382
898 539 916 598 t

421 743 498 807 Nam
523 743 690 805 videndum
715 761 755 804 an
775 743 807 802 in
830 743 980 822 corruptis
999 747 1049 803 sot
1070 747 1102 810 ὃς
1124 742 1261 818 ἕστηκεν,
1285 750 1302 806 ὁ
1324 755 1398 808 Aci·

291 913 303 928 .
422 858 638 936 pacm-tottam
665 853 720 935 (sic
737 853 829 946 ‘enim
851 849 958 931 Godd.)
980 853 1070 932 longe
1089 853 1175 914 alind
1192 854 1269 933 qnid
1288 842 1404 934 latitet,

422 967 576 1047 quaan
594 963 731 1026 statuisti.
757 964 853 1024 lium
877 963 954 1024 forte
978 971 1027 1024 sot
1051 967 1083 1030 ὃς
1100 963 1263 1044 depravata
1279 974 1350 1026 sunt
1368 987 1407 1028 cx

292 1096 300 1114 ·
423 1080 553 1154 Ανμεύς
582 1083 635 1134 aut
653 1072 814 1154 Ἀριαῖος.)
840 1072 899 1133 Sed
921 1073 1016 1152 magis
1041 1072 1163 1135 sortasse
1183 1075 1316 1153 placebit
1332 1096 1408 1137 con·

424 1186 556 1262 iectura‚
576 1203 669 1264 quam
685 1191 912 1263 proposuerunt,
927 1184 1024 1244 Walc.
1046 1191 1077 1244 et
1099 1184 1255 1247 Schnbart.
1276 1187 1410 1266 legentes

424 1305 547 1358 Σκαῖος.
614 1294 694 1368 Quos
718 1292 789 1351 vide
815 1291 853 1352 ad
878 1292 911 1352 b.
938 1293 977 1354 l..
1008 1311 1101 1372 quem
1136 1294 1285 1374 copiosius
1317 1297 1408 1357 etism

425 1411 592 1466 tractarunt
608 1402 705 1463 Praei.
722 1422 753 1481 p.
769 1401 859 1461 XLIX
877 1421 921 1480 sq.
962 1401 1119 1482 Quidquid
1135 1403 1188 1481 sit,
1207 1403 1232 1463 si
1249 1404 1326 1466 sorte
1343 1407 1412 1486 quis

426 1515 500 1575 olim
517 1512 634 1574 idoneis
650 1510 836 1590 argumentis
844 1511 1026 1571 demonstret
1042 1512 1076 1571 in
1094 1513 1193 1572 verbis
1209 1519 1258 1573 καὶ
1271 1517 1302 1580 ὃς
1316 1513 1412 1575 latere

426 1643 533 1684 verum
558 1621 670 1701 pugilis
693 1640 823 1697 nomen,
854 1627 916 1680 tcta
939 1619 1001 1681 Tua
1027 1621 1101 1681 huic
1126 1621 1194 1683 loco
1210 1631 1411 1704 superstructa

427 1731 591 1813 disputatio
608 1733 809 1796 ἀνυπόστατος
826 1729 876 1790 fiat
895 1750 1015 1791 necesse
1034 1738 1087 1792 est.

470 1892 504 1954 P.
521 1893 569 1956 17.
589 1891 795 1956 Μακεδονικὰ,
813 1907 874 1950 nco
886 1893 1138 1968 Λακεδαιμονικά.
1153 1895 1226 1975 cet]
1238 1859 1416 1956 'Turbatum

432 2022 495 2066 θεοῦ
523 2002 557 2064 in
590 2001 738 2062 vocabulo
763 2003 1003 2077 Λακεδαιμονικά
1031 2002 1091 2062 vel>
1112 2001 1186 2062 inde
1220 2003 1415 2084 perspicitur,

427 2112 511 2194 qnod
528 2113 636 2174 Graeci
652 2119 822 2174 constanter
839 2111 984 2174 inerunt
997 2117 1165 2174 Λακωνικά.

471 2280 503 2342 Ρ.
521 2279 572 2341 21.
593 2279 656 2341 Nee
675 2282 783 2340 mirum
806 2281 878 2340 odeo
897 2281 927 2340 si
943 2279 1010 2356 tio,
1026 2281 1099 2362 cet]
1148 2277 1241 2341 Panlo
1259 2281 1349 2342 aliter
1365 2281 1417 2342 hic
1441 2341 1447 2350 ,

432 2391 510 2452 mihi
536 2391 659 2452 videtur
684 2390 887 2451 statuendum.
938 2390 1065 2451 Ubinam
1087 2391 1253 2452 substiterit
1269 2391 1358 2454 Duris
1375 2391 1420 2453 di·

436 2509 515 2564 serto
538 2522 555 2562 a
580 2502 702 2562 nemine
726 2501 864 2561 traditur.
905 2499 1027 2561 Diodori
1043 2501 1099 2562 Sic.
1118 2501 1196 2560 liber
1211 2501 1294 2578 XXI,
1312 2503 1367 2581 qni
1388 2502 1419 2560 id

437 2634 491 2674 nos
517 2611 627 2674 docere
652 2611 773 2672 tortasse
799 2609 959 2690 potuisset,
985 2617 1113 2671 aetatem
1137 2628 1200 2670 non
1224 2611 1305 2684 tulit.
1355 2610 1420 2672 Pos-

438 2731 535 2783 trema
559 2721 702 2801 temporis
718 2721 831 2781 indicia
847 2741 882 2782 ea
900 2720 1064 2800 praebent,
1084 2738 1163 2799 quae
1179 2717 1301 2780 Ituridis
1317 2727 1422 2780 ancto-

441 2815 561 2893 toritate
575 2839 677 2890 narrat
690 2830 767 2890 Plin.
786 2829 820 2889 li,
837 2830 873 2890 N.
891 2828 982 2904 vill,
1000 2829 1050 2890 61.
1068 2828 1107 2888 de
1125 2829 1292 2909 Lysimachi
1308 2837 1421 2905 morte,
1537 2891 1538 2902 ,

441 2963 520 3023 quae
539 2937 801 3013 nonidecimi,
818 2938 846 2999 4.
866 2937 924 2998 Sed
941 2938 1053 2998 caiam
1071 2937 1130 2998 init
1146 2941 1323 3020 scriptorum
1340 2939 1424 3001 illius

443 3053 546 3114 aetatis
571 3051 667 3127 ratio,
693 3056 729 3109 nt
754 3049 844 3108 certis
873 3045 1054 3127 quibusdam
1079 3050 1222 3128 temporis
1247 3049 1424 3125 momentis,

441 3183 521 3243 qnae
546 3169 650 3242 sponte
676 3168 819 3239 tanquam
846 3157 970 3218 termini
996 3159 1029 3217 in
1056 3165 1137 3219 vasta
1156 3133 1426 3238 rerumgestarum

442 3251 571 3333 materia
595 3271 783 3346 eminerent,
813 3289 867 3330 sua
892 3288 982 3347 opera
1009 3267 1140 3330 finirent.
1180 3267 1250 3328 Tale
1271 3267 1332 3328 luit
1348 3289 1428 3328 mors

443 3383 592 3462 Philippi,
617 3381 677 3441 tale
705 3377 879 3438 Alexandri.
930 3379 1030 3452 Quum
1056 3385 1158 3438 autem
1177 3384 1290 3456 septem
1307 3377 1429 3439 circiter

445 3492 598 3554 mensibus
614 3498 680 3570 post
696 3488 905 3568 Lysimachum
923 3494 954 3547 et
971 3487 1035 3566 ipse
1049 3487 1204 3562 Seleucus,
1222 3487 1347 3550 ultimus
1362 3507 1425 3550 suc·

444 3621 595 3664 cessorem
613 3599 777 3660 Alexandri
793 3598 847 3674 ld„
865 3597 1025 3658 decesserit
1042 3596 1082 3677 (a.
1107 3596 1138 3658 G.
1161 3596 1237 3671 280,
1255 3617 1359 3658 mense
1382 3598 1425 3658 la·

443 3711 567 3789 nnari03
586 3709 678 3772 Glint.
699 3707 738 3768 o'd
756 3708 787 3768 b.
804 3705 860 3787 a),
876 3707 964 3766 cuius
982 3714 1079 3766 morte
1096 3715 1175 3766 aetas
1192 3711 1248 3766 τῶν
1269 3711 1425 3780 Διαδόχων

445 3823 551 3883 finitur
575 3829 610 3882 ct
631 3817 907 3897 novumtemporis
923 3817 1052 3896 spatium
1070 3817 1139 3900 (reia
1161 3815 1337 3897 Ἐπιγόνων)
1353 3820 1428 3880 inci·

445 3934 508 4013 pit:
534 3932 649 3992 idcirco
675 3930 767 3990 iusto·
782 3927 927 3988 audacius
961 3926 1066 3988 iecisse
1100 3948 1162 3988 non
1188 3927 1376 4004 videbimur,
1402 3929 1427 3988 si

445 4052 610 4104 statuamus
634 4041 779 4100 Duridem
806 4041 953 4116 Ἱστορίας
978 4058 1046 4098 suas
1069 4037 1108 4100 ad
1125 4039 1182 4100 hcc
1199 4058 1294 4118 nsque
1310 4047 1429 4118 tempus

447 4153 614 4214 meuriss.
654 4151 740 4210 nem
764 4157 795 4210 u
816 4149 870 4209 ιιιι
889 4148 1003 4209 fecere:
1022 4147 1107 4210 moa.
1137 4148 1198 4209 sa:
1214 4149 1247 4224 1,
1268 4149 1302 4210 a:
1325 4154 1353 4208 οι
1373 4148 1426 4225 μιν
1536 4135 1537 4138 ‘
