3078 5382
602 515 642 575 29

129 751 185 791 nes
200 732 291 792 lunae
309 737 408 790 motus
424 737 516 806 atque
532 732 656 804 φάσεις,
670 729 723 788 sed
736 729 872 790 delectus
884 731 989 812 lunae3
1006 749 1113 811 quam,

130 843 155 900 si
181 841 337 916 delineret,
367 839 622 898 incantationibus
646 839 707 900 suis
730 839 770 899 de
794 841 879 902 eoelo
903 841 1063 903 deduxisse
1084 863 1115 902 se

130 951 332 1031 perhibebant
355 950 520 1010 Thessalae.
560 949 638 1009 Item
658 949 777 1011 turbata
798 951 1045 1038 interpuuetione
1070 973 1116 1014 re·

132 1062 236 1122 stituta
264 1063 350 1122 loeus
380 1061 423 1122 sio
453 1068 498 1120 est
525 1059 687 1138 legendus:
717 1067 755 1122 A.
779 1067 853 1135 φησὶ
877 1066 929 1127 τὰς
952 1067 1113 1130 &staalda

56 1145 61 1156 ι
133 1173 325 1249 inpransum
348 1174 400 1236 τὰς
427 1177 476 1244 τῆς
500 1172 623 1244 σελήνης
649 1171 815 1248 dalaimam,
835 1175 1055 1252 προαγγέλλειν,
1079 1175 1116 1238 ὡς

132 1283 164 1363 (ἦ
187 1279 307 1361 σελήνη)
332 1283 381 1342 ὑπ’
400 1284 495 1340 αὐτῶν
516 1283 619 1356 μέλλοι
639 1285 832 1360 κατάγεσθαι.

176 1504 209 1564 P.
232 1502 301 1566 194.
321 1502 368 1566 Fr.
388 1499 521 1564 LXXXV.
543 1505 562 1576 ἢ
582 1502 640 1561 ἀπὸ
659 1475 768 1568 'Aetas
796 1511 846 1578 τῆς
871 1507 980 1582 μητρὸς
1000 1513 1116 1583 Προμη-

135 1616 239 1697 ttae]
280 1614 367 1690 Asia,
377 1633 457 1698 quae
470 1613 508 1672 ab
520 1611 661 1692 Apollod.
678 1612 705 1673 l.
720 1612 1118 1696 2.s0h01.Ap0110n.1th0d.

136 1725 240 1802 1‚444.
247 1725 340 1786 Treta.
351 1724 390 1784 ad
398 1723 546 1804 hyoophr.
558 1721 647 1784 1283.
659 1721 756 1802 Etym.
762 1723 800 1786 ll.
806 1745 836 1784 v.
847 1723 1018 1784 Promethei
1024 1733 1121 1786 mater

137 1845 278 1913 vocatur,
298 1844 422 1897 auotore
444 1833 594 1896 Herodoto
613 1833 663 1910 tv,
688 1833 738 1896 ts.
759 1855 838 1896 uror
858 1834 1030 1896 Promethei
1049 1835 1122 1897 luit.

135 1949 321 2010 herodotum
336 1947 472 2026 sequitur
489 1945 624 2009 Eustath.
645 1945 685 2006 ad
702 1945 790 2009 Ilion.
806 1945 923 2026 Perieff.
941 1945 1013 2008 270.

178 2168 258 2229 lbid.
275 2175 389 2246 Δοῦριν
404 2165 436 2226 δὲ
454 2169 660 2246 Ἀριστοτέλης
675 2175 748 2241 φησὶ
764 2169 885 2249 lapsam]
926 2167 1033 2230 Multos
1048 2168 1123 2230 baec

138 2283 199 2340 iam
215 2286 373 2341 vexarunt.
402 2279 650 2339 Westermannus
667 2278 835 2354 suspicatur
851 2278 1011 2355 Doridem,
1031 2299 1124 2358 quem

139 2392 191 2452 hio
216 2391 406 2451 nominatum
432 2389 617 2463 invenimus,
639 2386 794 2446 diversum
817 2407 879 2448 esee
903 2387 1054 2464 aSamio,
1077 2407 1123 2450 re-

139 2521 210 2562 rum
226 2501 384 2579 scriptore:
406 2519 443 2560 eo
457 2499 601 2575 maxime,
618 2507 653 2558 ut
667 2505 757 2577 puto,
770 2497 915 2558 induetur
928 2507 1122 2578 argumento,

139 2611 223 2692 quod
249 2612 300 2672 hio
334 2612 372 2670 ab
396 2610 557 2670 Aristotele
582 2609 764 2688 philosopho
796 2609 884 2672 citari
916 2629 979 2670 non
1013 2611 1123 2688 potuit.

142 2723 224 2784 Obiit
242 2723 324 2782 euim
342 2721 394 2782 hie
411 2719 457 2780 01.
478 2719 552 2794 114,
572 2719 603 2780 3.
623 2739 650 2780 a.
671 2717 703 2780 C.
721 2739 755 2780 n.
772 2717 843 2780 322.
863 2717 966 2802 (Clint.
980 2721 1020 2782 ad
1032 2721 1121 2804 b.a);

142 2854 206 2916 quo
222 2833 345 2894 vivente
368 2852 430 2893 non
454 2830 601 2892 eredibile
618 2838 663 2890 est
679 2830 740 2892 iam
757 2830 875 2910 aliquid
892 2832 925 2892 in
942 2833 1045 2896 lueem
1061 2834 1125 2896 edi·

142 2945 220 3005 disse
246 2943 403 3005 Doridem.
453 2942 516 3002 Alii
541 2941 630 3002 aliter
654 2961 721 3002 rem
745 2941 890 3021 expedire
916 2953 986 3004 sunt
1012 2947 1124 3009 eonati.

140 3041 205 3117 Neo
223 3056 291 3115 satis
306 3055 404 3132 placet
421 3053 552 3132 duplex,
571 3072 663 3132 quam
680 3052 724 3112 Tu
740 3051 851 3130 iniisti,
873 3052 960 3115 ratio.
1001 3053 1032 3114 si
1048 3054 1127 3134 quid

141 3163 342 3237 mutandum,
369 3161 512 3240 equidem
532 3161 632 3241 legam
650 3161 879 3242 Ἀριστοφάνης.
920 3163 1126 3244 Aristophanis

142 3273 317 3355 Bymntini,
337 3271 529 3332 illustrissimi
545 3271 628 3332 illius
646 3271 850 3350 grammatici,
864 3273 989 3351 glossam
1005 3273 1128 3334 aberi-

143 3405 228 3464 oogr.
253 3384 376 3462 Seguer.
402 3381 455 3443 bio
481 3383 568 3446 nobis
578 3383 711 3464 apponi,
728 3382 844 3443 indieat
862 3383 1003 3444 vocabuli
1021 3389 1126 3452 Ἀσιὰς
1213 3421 1216 3434 ·

144 3493 375 3572 interpretatio,
395 3493 568 3572 depromta,
587 3501 623 3554 ut
640 3499 727 3574 puto,
747 3511 785 3554 ox
801 3512 894 3573 opere
910 3493 1013 3573 aliquo
1029 3513 1127 3574 gram·

144 3604 250 3666 matiei
275 3603 458 3682 argumenti,
486 3602 656 3664 cuiusmodi
678 3602 765 3664 fuere
787 3604 852 3665 eius
876 3606 1011 3668 ’Λιιιιισι
1032 3607 1128 3674 λέξεις

145 3721 178 3776 et
202 3720 345 3776 Γλώσσαι
375 3720 556 3773 Λακωνικαί.
606 3713 643 3774 ln
676 3713 786 3774 talibus
812 3714 953 3792 operibus
980 3717 1128 3777 voeabula

146 3824 316 3887 difficiliora
334 3832 366 3885 et
381 3831 512 3899 vetusta,
533 3822 572 3883 de
587 3841 719 3902 quorum
736 3821 855 3900 origine
868 3831 899 3882 et
913 3823 1129 3902 significatione

146 3937 372 4016 ambigebatur,
399 3935 548 4014 explicata
570 3933 674 4009 luisse,
700 3933 769 3993 satis
790 3939 897 3992 notum
923 3939 980 3993 est.
1018 3932 1130 3996 Aristo·

145 4048 279 4127 phanem
289 4047 485 4127 bysuntinum
500 4042 583 4104 nude
596 4041 785 4122 grammatici
798 4040 905 4119 passim
914 4041 1018 4104 oitant.
1038 4041 1128 4106 Vidd.

32 4213 36 4232 ,
148 4159 259 4220 Athen.
280 4157 335 4233 xl,
357 4151 876 4234 485.d.1tsym.lt.v.nspsos.·
901 4151 1045 4234 Alioquin
1065 4153 1130 4215 lere
