3078 5382
634 503 670 562 21

149 727 181 768 u.
200 706 293 787 387.).
333 707 460 795 Verum,
475 724 573 786 quum
591 705 707 766 el'astis
720 707 1036 787 Triumph.disoamus
1052 709 1130 770 llan-
1262 735 1271 748 ·

150 818 227 878 lium
244 819 301 878 ΙΙΙ.
319 818 383 878 Cos.
399 819 598 896 triumphasse
613 817 652 877 de
669 817 796 896 Latinis,
813 828 872 880 eet.
892 820 1014 880 annoU.
1025 820 1058 880 G.
1069 819 1130 880 413

149 929 246 1012 (Varr.
270 927 356 1008 414.)
361 975 371 1006 ‚
401 935 507 1009 sponte
533 928 715 1007 intelligitur
732 950 794 990 nou
809 931 843 989 in
857 929 1063 1008 Phrynichum
1080 929 1134 988 sed

148 1043 182 1102 iu
203 1042 422 1102 Nicomachum
445 1040 623 1101 archontem
644 1040 684 1121 (a.
703 1040 734 1101 C.
754 1039 838 1121 340.)
855 1039 960 1101 llanlii
984 1039 1130 1118 lleciiquc

61 1189 64 1196 .
149 1139 503 1213 comulatum'inoiders.
532 1151 638 1210 Tribus
654 1151 749 1229 igitur
757 1151 843 1210 annis
851 1151 1054 1230 priusborum
1062 1169 1132 1210 oon·

150 1262 265 1322 solatus
281 1261 410 1324 Diodoro
420 1261 525 1322 suisset
539 1261 832 1322 commemorandus.
854 1262 954 1334 Quum
963 1269 1065 1321 autem
1075 1260 1133 1319 boe

149 1374 217 1434 loco
233 1373 344 1434 diserta
360 1372 476 1434 mentio
496 1373 547 1433 fiat
568 1373 738 1433 Samnitum
761 1381 801 1456 et!
814 1373 1023 1450 Etruscorum,
1039 1372 1139 1450 magis

149 1483 253 1563 placet
269 1484 381 1543 Tecum
397 1484 475 1543 baec
500 1483 616 1542 selene
641 1482 681 1542 ad
701 1482 818 1542 bellum
839 1501 920 1542 anno
944 1483 979 1544 U.
1002 1482 1035 1542 C.
1064 1480 1137 1544 458.

151 1602 181 1655 a.
200 1593 233 1654 C.
250 1593 320 1654 295.
338 1595 374 1668 Q.
394 1593 489 1653 Tabio
504 1591 529 1649 V
546 1599 578 1652 et
594 1591 627 1654 P.
645 1591 737 1652 Decio
750 1591 791 1650 IV
808 1591 885 1653 Coss.
902 1593 1137 1652 contraiunotot

151 1703 341 1781 Samnitum,
356 1703 563 1779 Etruscorum,
578 1703 759 1762 Umbrorum
768 1709 799 1761 et
806 1701 963 1762 Gallorum
971 1702 1071 1780 copias
1079 1719 1135 1780 ge-

151 1809 249 1874 stum:
264 1813 348 1893 quod
364 1813 519 1873 indicatur
533 1812 632 1872 verbis
644 1815 831 1888 Σαμνειτῶν,
848 1815 999 1892 Τυῤῥηνῶν
1011 1819 1061 1870 καὶ
1073 1813 1132 1871 ἑτέ-

153 1947 210 2004 ρων
234 1925 346 1984 ἐθνῶν.
375 1923 501 1984 Umbros
518 1911 655 2001 intellige
672 1929 703 1981 et
718 1921 826 1982 Gallos.
844 1922 909 1982 biv.
933 1921 973 1998 X,
991 1921 1041 1982 24.
1060 1922 1141 1982 Tasti

152 2034 310 2112 Triumpb.
325 2042 356 2094 et
370 2033 490 2095 Consul.
505 2031 544 2094 ad
557 2033 623 2094 ba.
663 2031 756 2092 lleote
773 2031 867 2110 igitur
874 2032 919 2092 Tu
932 2034 1059 2094 statuisti
1075 2032 1138 2092 duo

152 2146 209 2206 ista
234 2143 358 2206 bellae
382 2144 484 2204 Tretaa
507 2151 631 2222 propter
654 2143 756 2206 arubm
776 2141 883 2204 Decios
912 2163 974 2204 eme
998 2143 1143 2218 confusa‚'

154 2277 235 2336 quac
251 2275 340 2318 causa
357 2264 402 2316 est
419 2275 475 2315 cnr
491 2255 544 2316 hic
558 2255 743 2333 Torquatum
750 2252 842 2314 Decio
855 2252 1003 2331 collegam
1015 2253 1140 2332 fecerit5,

156 2368 212 2447 qui
227 2373 330 2427 tamen
358 2365 419 2427 luit
436 2367 471 2441 Q.
490 2365 597 2426 Fabius
613 2363 757 2424 llaximus
773 2362 798 2420 V
816 2363 896 2440 Cos,
917 2371 1055 2424 utrecte
1078 2372 1144 2425 tra-

154 2478 202 2538 dit
223 2478 318 2539 Duris
335 2477 369 2536 in
385 2475 472 2537 ltiod.
498 2475 650 2553 Excerpt.;
674 2473 757 2534 unde
782 2472 935 2534 evincitur
959 2493 1022 2534 non
1040 2474 1139 2534 Duri-

156 2590 221 2648 ‹lem
244 2589 364 2648 Tsetuae
395 2585 492 2647 errori
518 2605 620 2645 ansam
645 2583 827 2663 praebuisse.
874 2583 1012 2644 Demiror
1038 2593 1142 2645 autem

155 2698 296 2758 Glintono
322 2696 461 2757 accidere
484 2697 632 2774 potuisse,
658 2703 692 2754 ut
717 2695 785 2770 alii,
808 2699 904 2774 quam
922 2716 977 2756 nos
995 2695 1138 2774 iacimus,

156 2829 236 2868 anno
261 2809 320 2891 hoo
343 2807 390 2868 Fr.
415 2807 617 2886 assignaverit.
656 2805 732 2864 Nam
756 2806 838 2884 apud
862 2805 948 2867 Diod.
969 2806 1050 2885 XVI,
1072 2807 1121 2870 89.
1129 2855 1140 2885 ,1

157 2919 210 2978 ubi
235 2918 337 2978 llanlii
360 2917 506 2996 lleciiquc
532 2915 706 2976 consulatus
729 2925 930 2992 memoratur,
949 2937 990 2978 ne
1011 2919 1140 2980 verbum

155 3027 284 3108 quidem
300 3029 413 3107 legitur
438 3027 478 3088 de
495 3026 635 3087 omnibus
649 3025 700 3102 iis,
722 3045 800 3106 quae
821 3027 941 3086 lluridis
960 3029 1140 3089 auctoritate

157 3147 190 3198 et
216 3158 234 3198 a
256 3139 358 3198 Tsetsa
378 3147 409 3197 et
425 3139 458 3196 in
476 3137 598 3197 Diodori
615 3137 732 3214 Eulogis
746 3144 917 3198 narrantur.
958 3137 1029 3197 Sine
1044 3137 1141 3200 dubio

156 3249 253 3328 igitur
280 3248 396 3308 Tsetzcs
420 3257 451 3308 et
476 3247 531 3328 qui
556 3247 720 3308 Diodorum
747 3247 894 3326 excerpsit
915 3267 969 3308 sua
991 3248 1139 3311 habente

157 3359 244 3421 Diod.
269 3359 334 3419 Lib.
352 3359 434 3437 XXI,
455 3379 538 3419 nunc
555 3358 730 3438 deperdito,
750 3359 805 3437 qui
821 3357 984 3438 incipiebat
1002 3359 1041 3419 ab
1058 3379 1139 3422 anno

157 3490 185 3532 a.
206 3469 237 3531 C.
261 3469 332 3530 301.
358 3469 405 3529 01.
429 3468 504 3546 119,
522 3469 565 3548 4.;
588 3469 657 3544 ubi,
677 3487 774 3548 quum
795 3476 919 3528 rentum
935 3478 1009 3530 esset
1027 3469 1066 3530 ad
1083 3491 1140 3531 au-

157 3575 232 3640 num
248 3599 276 3640 a.
286 3579 317 3639 C.
332 3578 419 3655 295..
433 3587 702 3640 commemoratum
719 3587 783 3638 erat
798 3578 914 3639 bellum
928 3579 1140 3659 Samniticum,

157 3689 295 3750 adhibito
320 3688 443 3750 Doridis
465 3682 635 3750 testimonio
656 3689 758 3752 adhuc
779 3698 904 3750 serrato.
945 3690 1007 3749 Nee
1025 3692 1141 3752 mirum

156 3800 278 3880 plenius
294 3819 361 3860 rem
378 3800 441 3879 legi
458 3799 541 3879 apud
555 3799 701 3877 Taetssm,
719 3800 832 3879 quippe
848 3799 903 3878 qui
920 3799 1014 3858 relata
1037 3818 1053 3858 a
1076 3799 1141 3860 Du.

157 3910 241 3986 ride,
270 3909 400 3971 Diodoro
426 3917 457 3970 et
478 3909 574 3970 Dione
593 3909 761 3971 coniunxit.
802 3909 882 3984 Quid
899 3909 1013 3970 Doudi
1032 3909 1142 3972 debeat

159 4039 197 4080 ex
215 4018 338 4082 Diodori
354 4020 502 4100 Excerpto
519 4019 676 4082 manifesto
695 4019 858 4099 colligitur.

199 4130 265 4191 lam
291 4131 396 4210 paucis
417 4129 585 4206 dicendum
602 4140 649 4194 est
663 4130 703 4192 de
718 4132 958 4210 opportunitate,
977 4152 1038 4212 qua
1055 4133 1143 4196 Duris
