3078 5382
601 532 641 594 23

122 748 211 816 runt,
232 739 290 800 bue
307 757 325 800 a
341 737 537 820 scriptoribus
552 740 650 800 literis
666 748 834 820 coeperunt
850 740 1032 820 consignari.
1053 743 1110 804 Cu·

121 852 170 912 ius
194 853 240 916 rei
260 873 318 932 epo
339 852 541 914 luculentiora
560 851 701 930 exempla
717 851 750 911 in
767 860 907 914 veterum
922 853 1106 933 populorum

118 962 244 1026 historia
269 963 442 1043 bend-seio
465 983 505 1024 sn
530 963 726 1042 reperiantur
750 981 843 1042 quern
863 961 1060 1024 liaeedouum
1077 973 1109 1024 et

118 1073 344 1154 Romanorum
370 1093 501 1154 quorum
524 1073 571 1132 illi
588 1072 730 1152 Philippo
746 1071 871 1132 demum
888 1081 920 1133 et
936 1073 1109 1136 Alexandro

119 1185 177 1261 rt,
202 1187 237 1245 bi
263 1185 352 1246 bellis
378 1192 484 1247 eontra
508 1183 658 1264 Pyrrhum
677 1191 708 1244 et
724 1181 987 1262 Carthaginienses
1002 1187 1108 1264 gestis,

117 1296 302 1390 Graecorum
319 1295 423 1358 oeulos
437 1293 583 1358 maiorem
601 1295 635 1354 in
648 1291 774 1356 modum
788 1293 821 1356 in
835 1315 867 1356 se
881 1305 1107 1360 converterunt.

117 1473 125 1484 ’
159 1515 618 1578 n.129.rr.xs1V.s0h01.
648 1514 764 1574 mooe
765 1557 853 1576 .....
879 1516 1012 1596 νοῆσαι]
1062 1515 1105 1577 ux

118 1627 247 1708 Argum.
268 1625 358 1706 IdeI.
378 1624 590 1706 reponendum
609 1624 780 1700 ἐπινοῆσαι.
810 1623 979 1686 Dorismum
1000 1625 1033 1686 in
1050 1645 1106 1688 vo-

118 1735 231 1798 cabulo
246 1740 429 1814 Hotripapor
448 1734 571 1796 sortasse
587 1734 761 1816 typothetae
776 1732 931 1798 debemus.

160 1953 192 2017 1².
216 1954 284 2016 1³9.
309 1954 357 2016 I'r.
379 1953 510 2016 XLVIII.
531 1958 568 2016 Oi
588 1955 617 2012 δ’
635 1953 822 2036 enitescet]
864 1953 1106 2036 corruptissimos

117 2065 184 2126 Arii
209 2085 314 2126 versus
340 2065 401 2126 iam
426 2064 518 2125 multi
536 2063 598 2124 suis
614 2063 878 2124 emendationibus
898 2065 1105 2127 cumularunt.

119 2175 235 2252 Quidni
259 2185 292 2238 et
316 2197 374 2257 ego
398 2196 497 2241 meam
524 2175 657 2238 addam?
697 2174 851 2236 Nimirum
872 2195 903 2238 r.
928 2174 960 2238 3.
981 2175 1105 2237 sortasse

119 2287 180 2348 hoe
203 2287 295 2348 modo
319 2286 483 2366 legendus:
511 2287 651 2351 Xseviesc
679 2283 712 2344 risi
737 2289 846 2357 χιτῶσι
872 2287 962 2347 πέδον
990 2290 1104 2359 χθονὸς

119 2401 192 2477 εὐρύ
217 2399 347 2476 ἔσαιρον.
374 2396 409 2459 V.
429 2397 458 2458 1.
477 2417 533 2477 pro
557 2398 651 2462 αὕτως
673 2395 868 2456 scribendum
890 2397 1000 2461 αὔτωςε
1021 2395 1102 2456 illud

120 2509 205 2570 euim
229 2508 321 2588 plane
342 2507 485 2572 vitiosum
508 2515 565 2570 est.
605 2506 697 2574 Nem,
715 2513 751 2568 ut
768 2506 807 2568 ab
824 2510 856 2572 ὃς
873 2505 1031 2568 derisstur
1047 2508 1103 2584 oie,

119 2621 164 2682 siu
182 2620 221 2680 sb
238 2623 326 2685 αὐτὸς
345 2618 495 2680 formatur
514 2621 625 2693 aecor,
644 2620 706 2696 sio,
724 2619 789 2698 ipse
807 2617 862 2677 boo
879 2617 975 2678 modo.

162 2867 194 2930 P.
216 2869 284 2931 147.
301 2869 349 2930 Fr.
370 2868 435 2930 LII.
459 2878 570 2930 Τοῦτον
591 2874 621 2929 oi
636 2867 690 2946 ptr
712 2871 870 2937 πλούσιον,
894 2875 932 2926 A.
945 2866 978 2928 δὲ
1000 2871 1103 2947 πάροι-

122 3004 175 3040 κον
195 2981 270 3062 oet]
311 2979 390 3041 liaeo
411 2981 453 3040 sie
474 2988 552 3040 stare
574 2997 637 3040 non
653 2999 738 3060 posse
761 2998 853 3039 nemo
869 2977 1028 3037 doctorum
1045 2997 1107 3037 non

118 3089 210 3149 vidit.
251 3089 412 3168 Perperam
435 3097 537 3152 tamen
553 3089 693 3169 plerique
716 3087 857 3167 suspicati
874 3095 944 3146 sunt
960 3085 1107 3147 mendum

119 3201 217 3260 latere
233 3199 267 3258 iu
285 3202 444 3277 aripennos:
458 3219 554 3278 quum
573 3199 652 3259 illud
670 3198 770 3278 potius
786 3195 996 3278 quaerendum
1014 3197 1107 3258 estin

33 3307 55 3326 ⁹
119 3316 282 3377 πλούσιον,
304 3309 387 3389 quod
404 3309 494 3370 facile
510 3309 664 3389 eorrumpi
683 3307 783 3388 potuit
800 3327 837 3366 ex
855 3311 989 3380 πολιτην.
1029 3305 1107 3366 Nam

120 3419 268 3480 vocabula
287 3425 423 3494 πολίτης,
447 3404 589 3498 πόλεμός,
612 3423 715 3496 πόλις,
737 3422 843 3486 πολύς,
866 3415 967 3476 seculo
986 3413 1058 3476 XIII
1076 3424 1106 3477 et

119 3580 186 3644 XIV
204 3581 313 3643 eodem
328 3579 405 3660 siglo
430 3525 471 3642 nlo
495 3578 705 3658 scribebantur
721 3577 811 3660 (Bur.
825 3578 940 3640 Corum.
951 3577 1104 3660 palaeogr.

162 3942 197 4004 P.
222 3941 291 4006 152.
312 3942 361 4004 tir.
379 3941 454 4004 LVI.
476 3948 533 4018 sris
550 3933 717 4016 cupiere·-
733 3937 864 4018 arsos]
904 3933 1108 4014 Improbenda

122 4053 248 4116 omnino
265 4060 311 4114 est
326 4053 419 4131 ratio,
438 4071 532 4134 quam
548 4053 583 4114 iu
598 4051 658 4114 boo
674 4069 764 4134 parsu
790 4045 1020 4128 interpretando
1039 4045 1110 4107 iniit

124 4163 292 4242 Menapios,
316 4181 409 4243 quem
434 4161 476 4223 'Ie
497 4161 635 4224 seoritum
660 4179 723 4222 esse
740 4159 840 4222 doleo.
884 4156 964 4239 Quis
981 4157 1112 4236 triticei,
