3078 5382
620 537 656 596 13

156 750 190 804 ut
209 763 245 804 cx
263 746 293 805 h.
304 745 323 804 l.
341 743 497 816 discimus,
513 740 662 800 munditia
681 748 766 800 orant
777 741 940 821 conspicui.
983 743 1135 822 Quaprop-

154 863 218 930 ter,
238 855 293 932 qui
315 849 571 932 comparationem
588 850 644 910 boe
666 852 747 911 inter
763 860 794 912 ct
812 859 956 912 nostrates
977 853 1135 913 instituere

154 959 247 1038 velit,
261 963 335 1022 inde
352 961 438 1023 aliud
454 963 488 1020 in
504 961 594 1022 rebus
612 961 780 1022 domesticis
796 963 1027 1025 convenientiae
1043 973 1136 1042 argu·

151 1079 291 1131 mentum
314 1080 417 1150 petere
443 1071 542 1150 possit.
590 1071 649 1131 Sed
674 1071 820 1149 fugeruut
843 1071 920 1131 baec
943 1071 977 1132 V.
993 1071 1027 1133 I).
1045 1072 1137 1132 Bora·

150 1180 256 1240 aeiffen
272 1181 305 1240 iu
320 1181 456 1260 Compar.
473 1182 554 1241 inter
570 1181 711 1242 Phoenic.
727 1181 988 1247 ctNeerl.iuserta
1005 1181 1135 1261 Symbol.

153 1291 245 1352 Liter.
263 1291 328 1353 Vol.
346 1292 386 1353 ll.
405 1311 435 1371 p.
454 1289 502 1352 49.

194 1511 273 1572 lbid.
290 1512 403 1569 ἀνθινὰ
418 1543 459 1556 -
475 1511 683 1590 δημιουργῶν]
712 1511 807 1570 Locus
823 1519 983 1590 corruptus
999 1519 1030 1571 et
1046 1513 1137 1590 vulgo

155 1621 237 1686 male
251 1621 435 1681 intellectus.
477 1621 658 1695 Aelianum,
678 1620 733 1698 qui
750 1638 822 1698 prae
835 1618 1025 1680 festinatione
1041 1623 1140 1700 negli—

152 1729 327 1808 gentissime
351 1729 436 1790 buuc
460 1731 563 1790 locum
590 1727 762 1807 descripsit,
789 1729 850 1788 iam
873 1727 992 1806 pridem
1014 1730 1142 1808 explosit

151 1839 335 1902 Perizonius.
375 1840 467 1900 Nullo
491 1841 575 1900 enim
599 1837 690 1899 modo
716 1837 768 1898 hic
791 1837 831 1897 dc
848 1838 1043 1918 pavimentis,
1063 1841 1140 1900 veris

151 1949 278 2010 ssot-ibus
301 1951 483 2029 conspersis,
506 1951 637 2028 cogitare
660 1948 743 2009 licet.
784 1947 906 2008 lluridis
926 1949 1018 2009 verba
1035 1950 1078 2010 sic
1096 1951 1139 2011 vi·

152 2060 267 2120 dentur
292 2060 436 2139 legenda:
466 2062 578 2119 ἀνθινά
597 2083 629 2118 το
651 2063 687 2117 aci
706 2061 800 2116 πολλοὶ
820 2062 876 2117 τῶν
894 2059 1010 2132 ἐδαφῶν
1027 2061 1059 2118 ἐν
1076 2072 1139 2127 τοῖς

152 2170 282 2248 ἀνδρῶσι
314 2177 546 2244 κατεσκεύαστο,
577 2170 846 2243 διαπεποικιλμένα
874 2171 931 2228 ὑπὸ
957 2172 1139 2250 δημιουργῶν

154 2279 178 2337 i.
195 2296 222 2339 e.
252 2291 281 2339 et
299 2281 475 2359 pavimenta
498 2281 533 2338 ia
550 2281 680 2338 virorum
699 2277 889 2337 conclavibus
906 2291 990 2338 arant
1004 2281 1137 2355 musico,

152 2389 281 2466 floribus
306 2390 460 2470 variegata
484 2389 521 2448 ab
538 2387 712 2468 opificibaa3
734 2386 755 2447 i.
771 2405 798 2448 e.
816 2387 989 2464 pavimenta
1004 2387 1059 2448 illa
1075 2407 1141 2449 mu·

154 2499 219 2559 sire
243 2497 332 2558 lleres
354 2498 539 2560 referebant.
580 2497 617 2556 In
635 2498 694 2557 hoe
716 2503 820 2557 autem
837 2491 981 2556 Demetrii
997 2501 1091 2576 τροφή
1109 2505 1140 2559 et

154 2607 362 2670 effeminatum
381 2609 540 2687 ingenium
565 2607 764 2683 cernebatur,
785 2607 869 2686 qued
888 2607 967 2668 illud
986 2609 1141 2670 obtinebat

154 2721 188 2776 ἐν
216 2731 279 2784 τοῖς
303 2719 443 2797 debedat.
482 2718 623 2777 Ceterum
642 2717 681 2777 de
699 2717 758 2777 hoc
780 2717 848 2778 loco
864 2716 944 2779 conl.
961 2717 1140 2780 Latronnius

154 2830 269 2890 Lettres
285 2828 361 2889 d’uu
378 2828 548 2907 antiquaire
565 2847 583 2888 a
600 2847 644 2888 uu
660 2827 762 2888 artiste
778 2846 809 2906 p.
827 2826 897 2888 311.
915 2847 959 2906 sq.

196 3047 276 3108 lbid.
307 3053 324 3107 ὁ
349 3061 411 3114 τοῖς
437 3047 539 3114 ἄλλοις
567 3051 725 3125 τιθέμενος
751 3048 909 3127 caepere]
950 3047 1011 3108 Nae
1029 3067 1137 3128 parurn

151 3165 307 3219 curassent
337 3158 535 3218 Athenienses
565 3158 710 3218 Demetrii
737 3159 967 3220 commentarios
992 3167 1060 3239 περὶ
1088 3168 1138 3236 τῆς

152 3268 303 3340 Ἀθήνησι
331 3272 527 3343 νομοθεσίας,
553 3285 629 3346 quos
637 3267 681 3326 Tu
698 3267 751 3327 bio
766 3285 930 3329 memoras:
949 3289 1011 3330 nou
1028 3271 1138 3348 magis,

153 3384 245 3456 puto,
272 3395 365 3456 quam
396 3377 462 3436 eius
488 3375 679 3456 aliorumque
707 3383 918 3438 sexcentorum
951 3378 1044 3439 libros
1069 3385 1137 3458 περὶ

153 3491 261 3562 νόμον.
302 3486 345 3546 Ile
370 3486 449 3546 veris
473 3487 571 3566 iisque
596 3487 768 3547 summariis
788 3489 906 3566 legibus
929 3489 981 3549 hic
1005 3491 1136 3569 cogitan-

153 3597 230 3657 dum
252 3605 315 3674 est3
333 3615 408 3676 quas
424 3615 529 3656 revera
544 3597 615 3657 tulit
633 3597 896 3678 promulgaritque
913 3598 1081 3660 Demetrius
1098 3601 1137 3662 ad

151 3706 350 3768 minuenddm
375 3706 482 3785 populi
504 3707 667 3767 luxuriam.
716 3707 829 3768 ilerum
854 3727 960 3784 unam,
989 3709 1134 3770 funerum

150 3826 268 3878 sumtus
293 3825 491 3898 spectantem,
519 3826 666 3878 memorat
692 3818 753 3878 Cic.
775 3817 815 3878 de
836 3818 907 3895 Lep.
932 3819 976 3893 11,
995 3818 1056 3880 26.
1072 3821 1134 3879 Iste

149 3929 249 4008 ἐρίοιο
267 3958 308 3972 -
324 3929 520 4009 praefecerat.
562 3927 640 4004 Haeo
665 3928 759 4007 ipsam
785 3927 885 4006 legem
911 3934 1056 4006 spectant.
1095 3929 1135 3989 At

150 4038 185 4098 in
198 4055 290 4115 opere
307 4043 376 4116 neat
394 4061 420 4100 τ.
437 4041 480 4098 Ἀ
499 4043 681 4114 νομοθεσίας
696 4039 775 4098 lecta
789 4037 927 4114 luerunt,
940 4057 1020 4118 quae
1039 4039 1133 4101 refert

149 4145 226 4208 ibid.
245 4148 294 4210 25.
315 4149 422 4209 Postea
438 4181 475 4194 -
494 4157 572 4208 sant.
591 4155 623 4207 et
638 4147 687 4209 26.
704 4147 756 4206 aed
771 4147 817 4206 as't
830 4177 870 4194 -
885 4147 996 4210 Romae
1012 4161 1065 4213 ast.
