3078 5382
605 573 645 632 ³5

141 783 240 835 rantur
268 779 323 835 uod
351 779 379 834 δ’
401 775 486 856 duppe
513 786 545 836 et
570 777 693 858 i'yzel'e:
724 780 808 859 quod
833 782 1023 859 praecessisse
1050 801 1112 842 non

141 894 228 964 puto;
258 905 329 948 num
352 887 496 950 carminis
517 889 641 952 initium
666 891 718 950 hic
744 911 799 952 nos
827 891 959 970 habere,
986 911 1047 952 nou
1069 899 1114 950 est

141 989 219 1066 quod
235 989 382 1052 dubitem.
419 990 507 1052 Idem
521 990 600 1050 illud
618 992 731 1070 optime
746 991 837 1052 sensit
853 993 1030 1069 erimarias,
1048 1011 1114 1054 ver·

140 1105 219 1158 teus:
241 1099 349 1174 »Affer
372 1099 492 1177 crebra,
506 1121 598 1180 poor,
618 1101 710 1181 plena
727 1101 804 1162 mibi
826 1102 935 1182 pocula
957 1101 1114 1182 grandia.’'.

44 1231 47 1240 ’
140 1207 219 1280 Quid
234 1209 259 1270 si
275 1209 402 1272 Alcaeus
417 1211 564 1274 cecinerit

202 1397 256 1446 aad
273 1363 397 1464 δ”ἄερῥε
416 1397 555 1465 κυλίχναις
568 1399 715 1464 μεγάλαις,
734 1383 754 1447 ci
771 1397 821 1451 Bt
828 1419 845 1450 τ
856 1417 891 1461 c,
910 1401 1060 1460 ποικίλως,

142 1549 376 1642 corruptumque
401 1571 476 1623 esset
500 1569 598 1623 ΑΙΤΑ
614 1569 779 1624 extstETA
794 1583 817 1624 ι.
841 1561 998 1622 crura?
1031 1563 1118 1636 Quod

141 1661 201 1722 sire
216 1666 357 1726 vocabuli
373 1666 532 1728 insolentia
546 1667 609 1728 sive
625 1666 821 1728 librariorum
838 1664 958 1728 incuria
976 1673 1007 1726 et
1034 1665 1117 1744 igno-

142 1773 237 1834 rantia
262 1774 354 1836 facilc
381 1775 519 1836 accidere
548 1777 657 1856 potuit.
706 1777 857 1856 Frequens
892 1778 975 1837 enim
1007 1785 1051 1838 est
1087 1786 1118 1836 et

141 1879 234 1944 facilis
251 1888 447 1948 commutatio
468 1887 574 1948 literae
600 1911 622 1946 o
647 1889 682 1947 in
708 1912 743 1965 α,
761 1897 791 1948 et
807 1911 828 1947 e·
840 1888 874 1947 in
895 1911 925 1946 ιε
955 1895 990 1948 ut
1013 1895 1118 1948 contra

141 2017 152 2050 ι
176 1994 209 2054 in
229 2021 244 2056 a
270 2006 447 2076 corruptum
470 1998 608 2066 ridemus
625 2001 659 2060 in
675 2007 899 2060 ΠΟΙΚΙΛΛΕΣ
916 2020 973 2080 pro
987 2007 1115 2060 ΠΟΙΚΙ-

139 2113 245 2170 ΛΛΙΣ.
291 2112 397 2186 Ἔιης,
421 2108 510 2184 Γέτης
529 2131 551 2172 s.
571 2111 656 2172 Aeol.
673 2109 764 2177 Ficus
781 2111 844 2174 h.l.
862 2113 991 2188 amicus,
1009 2111 1119 2171 sedulis

140 2224 198 2294 est,
218 2218 442 2298 respondetque
459 2220 637 2280 nostratium
658 2231 754 2296 meat,
774 2221 939 2281 komercod.
980 2219 1118 2300 Hesych.:

142 2330 240 2387 Ἔται·
266 2331 430 2408 ἑταῖροι,
459 2331 650 2406 συνήθεις,
676 2334 813 2404 πολῖται,
833 2333 976 2406 δημόται,
996 2335 1121 2405 otloa‚=

140 2436 305 2518 ἕπικουροι.
346 2439 431 2500 Conl.
456 2438 597 2519 Apollon.
624 2441 724 2502 lexic.
750 2439 835 2501 Hom.
858 2440 892 2499 in
914 2459 944 2501 r.
964 2439 1061 2520 Etym.
1080 2440 1118 2502 ll.

139 2546 213 2611 ibid.
242 2557 274 2610 et
299 2551 333 2610 in
351 2556 452 2612 Ὠτᾶν.
494 2550 560 2610 Duo
583 2550 677 2629 igitur
696 2550 859 2629 signifieat,
877 2550 1026 2610 nimirum
1042 2552 1121 2610 ciuis

139 2667 169 2718 et
177 2664 305 2723 amieos.
332 2661 372 2719 At
380 2659 498 2720 'tertiam
508 2660 758 2738 significationem
771 2661 859 2722 affert
867 2641 1005 2741 ilesycb.:
1017 2665 1121 2727 Ἕτας·

139 2778 206 2838 τούς
229 2771 291 2831 κατ’
316 2773 475 2852 ἐπιγαμίαν
497 2779 645 2850 οἰκείους,
667 2781 725 2834 cet.
766 2773 873 2834 Tribus
894 2773 959 2851 his,
983 2782 1018 2834 ul
1038 2774 1122 2835 vide·

140 2888 203 2960 tur,
220 2882 488 2964 significationibus
505 2884 686 2945 vocabulum
705 2893 831 2964 usurpat
847 2885 1003 2947 Homerus.
1031 2883 1122 2964 Apud

140 2997 320 3058 recentiores
338 2996 467 3072 Atticos,
485 2997 567 3074 apud
584 3016 660 3075 quos
676 2998 754 3056 eicis
771 3001 907 3072 πολίτης,
928 2999 1053 3071 δημότης
1077 3003 1122 3055 est

140 3105 254 3185 (Sobel.
284 3107 421 3188 Aeschyl.
445 3107 549 3185 Suppl.
579 3104 682 3186 262),
710 3106 801 3183 plane
830 3105 864 3164 in
891 3105 1122 3167 desuetudinem

141 3215 263 3276 videtur
293 3217 416 3297 ebiisse;
443 3217 502 3276 nisi
528 3215 612 3296 quod
628 3215 771 3275 nonnulli
793 3217 936 3295 suspicati
960 3226 1029 3276 sunt
1056 3218 1122 3278 eius

140 3327 313 3389 vocativum
336 3348 487 3410 superesse
501 3328 535 3387 in
554 3326 708 3388 locutione
726 3318 748 3384 ὦ
766 3331 839 3386 ’rem
880 3325 949 3388 vid.
967 3328 1064 3389 Goell.
1082 3329 1121 3388 ad

140 3436 234 3501 Thue.
251 3438 286 3515 V,
303 3439 354 3501 79.
395 3439 508 3500 Verum
530 3439 616 3499 nulla
638 3438 714 3498 dum
730 3437 808 3497 mibi
828 3437 961 3499 innotuit
977 3439 1027 3498 lex
1033 3485 1042 3516 ,
1061 3458 1122 3518 qua

140 3559 236 3611 vocat.
256 3550 373 3628 primae
390 3548 599 3610 declinationis
620 3549 745 3611 formeri
766 3550 857 3630 possit
881 3550 913 3610 in
937 3573 983 3612 αι.
1025 3548 1122 3610 Acce-
1174 3629 1180 3638 ·

141 3660 187 3722 dit
202 3664 266 3723 huc
282 3662 365 3742 quod
382 3662 481 3740 ipsum
497 3662 667 3722 vocativum
686 3655 707 3721 ὦ
729 3665 780 3722 ἒτα
795 3661 881 3722 affert
898 3663 1022 3744 llesycb.
1042 3663 1076 3722 in
1089 3683 1121 3724 r.

141 3770 241 3832 Semel
266 3781 368 3833 tamen
393 3774 458 3846 ἔτης
483 3771 595 3852 legitur
621 3771 703 3850 apud
728 3772 926 3850 Aeschylum,
954 3771 977 3832 l.
998 3773 1020 3832 1.
1032 3817 1041 3847 ‚
1067 3771 1121 3832 sed

141 3884 312 3963 antiquiore
347 3883 503 3944 Atticismo
536 3884 589 3944 hic
623 3883 731 3944 utitur.
789 3881 879 3968 Apud
913 3881 1021 3942 Aeoles
1049 3901 1121 3942 vero

141 4003 172 4055 et
188 3995 279 4057 liores
295 3996 477 4058 vocabulum
496 4015 591 4074 usque
616 4015 673 4054 usu
691 3994 838 4073 riguisse,
864 3999 989 4052 testatur
1015 3991 1122 4053 foedus

142 4106 323 4187 Argivorum
349 4115 380 4167 et
403 4106 648 4181 Atheniensium,
673 4105 780 4166 Dorica
806 4103 936 4165 dialecto
956 4104 1120 4183 scriptum,
1165 4179 1167 4183 Ι

141 4217 224 4297 quod
249 4219 361 4296 legitur
385 4183 466 4296 apud
492 4217 586 4280 Thac.
611 4218 633 4277 l.
662 4217 684 4277 l.
711 4214 766 4274 ubi
789 4214 852 4278 vid.
871 4215 986 4295 Poppo:
1008 4216 1122 4277 indicat
